1514764800,1514764800,10000.0022,0.001,1,ask
1514764815,1514764815,10000.0001,0.0001,1,bid
1514764830,1514764830,10000.2022,1.0E-5,1,ask
1514764845,1514764845,10000.0505,1.0E-6,1,bid
1514764860,1514764860,10000.0022,0.001,1,ask
1514764875,1514764875,10000.0001,0.0001,1,bid
1514764890,1514764890,10000.2022,1.0E-5,1,ask
1514764905,1514764905,10000.0505,1.0E-6,1,bid
1514764920,1514764920,10000.0022,0.001,1,ask
1514764935,1514764935,10000.0001,0.0001,1,bid
1514764950,1514764950,10000.2022,1.0E-5,1,ask
1514764965,1514764965,10000.0505,1.0E-6,1,bid
1514764980,1514764980,10000.0022,0.001,1,ask
1514764995,1514764995,10000.0001,0.0001,1,bid
1514765010,1514765010,10000.2022,1.0E-5,1,ask
1514765025,1514765025,10000.0505,1.0E-6,1,bid
1514765040,1514765040,10000.0022,0.001,1,ask
1514765055,1514765055,10000.0001,0.0001,1,bid
1514765070,1514765070,10000.2022,1.0E-5,1,ask
1514765085,1514765085,10000.0505,1.0E-6,1,bid
1514765100,1514765100,10000.0022,0.001,1,ask
1514765115,1514765115,10000.0001,0.0001,1,bid
1514765130,1514765130,10000.2022,1.0E-5,1,ask
1514765145,1514765145,10000.0505,1.0E-6,1,bid
1514765160,1514765160,10000.0022,0.001,1,ask
1514765175,1514765175,10000.0001,0.0001,1,bid
1514765190,1514765190,10000.2022,1.0E-5,1,ask
1514765205,1514765205,10000.0505,1.0E-6,1,bid
1514765220,1514765220,10000.0022,0.001,1,ask
1514765235,1514765235,10000.0001,0.0001,1,bid
1514765250,1514765250,10000.2022,1.0E-5,1,ask
1514765265,1514765265,10000.0505,1.0E-6,1,bid
1514765280,1514765280,10000.0022,0.001,1,ask
1514765295,1514765295,10000.0001,0.0001,1,bid
1514765310,1514765310,10000.2022,1.0E-5,1,ask
1514765325,1514765325,10000.0505,1.0E-6,1,bid
1514765340,1514765340,10000.0022,0.001,1,ask
1514765355,1514765355,10000.0001,0.0001,1,bid
1514765370,1514765370,10000.2022,1.0E-5,1,ask
1514765385,1514765385,10000.0505,1.0E-6,1,bid
1514765400,1514765400,10000.0022,0.001,1,ask
1514765415,1514765415,10000.0001,0.0001,1,bid
1514765430,1514765430,10000.2022,1.0E-5,1,ask
1514765445,1514765445,10000.0505,1.0E-6,1,bid
1514765460,1514765460,10000.0022,0.001,1,ask
1514765475,1514765475,10000.0001,0.0001,1,bid
1514765490,1514765490,10000.2022,1.0E-5,1,ask
1514765505,1514765505,10000.0505,1.0E-6,1,bid
1514765520,1514765520,10000.0022,0.001,1,ask
1514765535,1514765535,10000.0001,0.0001,1,bid
1514765550,1514765550,10000.2022,1.0E-5,1,ask
1514765565,1514765565,10000.0505,1.0E-6,1,bid
1514765580,1514765580,10000.0022,0.001,1,ask
1514765595,1514765595,10000.0001,0.0001,1,bid
1514765610,1514765610,10000.2022,1.0E-5,1,ask
1514765625,1514765625,10000.0505,1.0E-6,1,bid
1514765640,1514765640,10000.0022,0.001,1,ask
1514765655,1514765655,10000.0001,0.0001,1,bid
1514765670,1514765670,10000.2022,1.0E-5,1,ask
1514765685,1514765685,10000.0505,1.0E-6,1,bid
1514765700,1514765700,10000.0022,0.001,1,ask
1514765715,1514765715,10000.0001,0.0001,1,bid
1514765730,1514765730,10000.2022,1.0E-5,1,ask
1514765745,1514765745,10000.0505,1.0E-6,1,bid
1514765760,1514765760,10000.0022,0.001,1,ask
1514765775,1514765775,10000.0001,0.0001,1,bid
1514765790,1514765790,10000.2022,1.0E-5,1,ask
1514765805,1514765805,10000.0505,1.0E-6,1,bid
1514765820,1514765820,10000.0022,0.001,1,ask
1514765835,1514765835,10000.0001,0.0001,1,bid
1514765850,1514765850,10000.2022,1.0E-5,1,ask
1514765865,1514765865,10000.0505,1.0E-6,1,bid
1514765880,1514765880,10000.0022,0.001,1,ask
1514765895,1514765895,10000.0001,0.0001,1,bid
1514765910,1514765910,10000.2022,1.0E-5,1,ask
1514765925,1514765925,10000.0505,1.0E-6,1,bid
1514765940,1514765940,10000.0022,0.001,1,ask
1514765955,1514765955,10000.0001,0.0001,1,bid
1514765970,1514765970,10000.2022,1.0E-5,1,ask
1514765985,1514765985,10000.0505,1.0E-6,1,bid
1514766000,1514766000,10000.0022,0.001,1,ask
1514766015,1514766015,10000.0001,0.0001,1,bid
1514766030,1514766030,10000.2022,1.0E-5,1,ask
1514766045,1514766045,10000.0505,1.0E-6,1,bid
1514766060,1514766060,10000.0022,0.001,1,ask
1514766075,1514766075,10000.0001,0.0001,1,bid
1514766090,1514766090,10000.2022,1.0E-5,1,ask
1514766105,1514766105,10000.0505,1.0E-6,1,bid
1514766120,1514766120,10000.0022,0.001,1,ask
1514766135,1514766135,10000.0001,0.0001,1,bid
1514766150,1514766150,10000.2022,1.0E-5,1,ask
1514766165,1514766165,10000.0505,1.0E-6,1,bid
1514766180,1514766180,10000.0022,0.001,1,ask
1514766195,1514766195,10000.0001,0.0001,1,bid
1514766210,1514766210,10000.2022,1.0E-5,1,ask
1514766225,1514766225,10000.0505,1.0E-6,1,bid
1514766240,1514766240,10000.0022,0.001,1,ask
1514766255,1514766255,10000.0001,0.0001,1,bid
1514766270,1514766270,10000.2022,1.0E-5,1,ask
1514766285,1514766285,10000.0505,1.0E-6,1,bid
1514766300,1514766300,10000.0022,0.001,1,ask
1514766315,1514766315,10000.0001,0.0001,1,bid
1514766330,1514766330,10000.2022,1.0E-5,1,ask
1514766345,1514766345,10000.0505,1.0E-6,1,bid
1514766360,1514766360,10000.0022,0.001,1,ask
1514766375,1514766375,10000.0001,0.0001,1,bid
1514766390,1514766390,10000.2022,1.0E-5,1,ask
1514766405,1514766405,10000.0505,1.0E-6,1,bid
1514766420,1514766420,10000.0022,0.001,1,ask
1514766435,1514766435,10000.0001,0.0001,1,bid
1514766450,1514766450,10000.2022,1.0E-5,1,ask
1514766465,1514766465,10000.0505,1.0E-6,1,bid
1514766480,1514766480,10000.0022,0.001,1,ask
1514766495,1514766495,10000.0001,0.0001,1,bid
1514766510,1514766510,10000.2022,1.0E-5,1,ask
1514766525,1514766525,10000.0505,1.0E-6,1,bid
1514766540,1514766540,10000.0022,0.001,1,ask
1514766555,1514766555,10000.0001,0.0001,1,bid
1514766570,1514766570,10000.2022,1.0E-5,1,ask
1514766585,1514766585,10000.0505,1.0E-6,1,bid
1514766600,1514766600,10000.0022,0.001,1,ask
1514766615,1514766615,10000.0001,0.0001,1,bid
1514766630,1514766630,10000.2022,1.0E-5,1,ask
1514766645,1514766645,10000.0505,1.0E-6,1,bid
1514766660,1514766660,10000.0022,0.001,1,ask
1514766675,1514766675,10000.0001,0.0001,1,bid
1514766690,1514766690,10000.2022,1.0E-5,1,ask
1514766705,1514766705,10000.0505,1.0E-6,1,bid
1514766720,1514766720,10000.0022,0.001,1,ask
1514766735,1514766735,10000.0001,0.0001,1,bid
1514766750,1514766750,10000.2022,1.0E-5,1,ask
1514766765,1514766765,10000.0505,1.0E-6,1,bid
1514766780,1514766780,10000.0022,0.001,1,ask
1514766795,1514766795,10000.0001,0.0001,1,bid
1514766810,1514766810,10000.2022,1.0E-5,1,ask
1514766825,1514766825,10000.0505,1.0E-6,1,bid
1514766840,1514766840,10000.0022,0.001,1,ask
1514766855,1514766855,10000.0001,0.0001,1,bid
1514766870,1514766870,10000.2022,1.0E-5,1,ask
1514766885,1514766885,10000.0505,1.0E-6,1,bid
1514766900,1514766900,10000.0022,0.001,1,ask
1514766915,1514766915,10000.0001,0.0001,1,bid
1514766930,1514766930,10000.2022,1.0E-5,1,ask
1514766945,1514766945,10000.0505,1.0E-6,1,bid
1514766960,1514766960,10000.0022,0.001,1,ask
1514766975,1514766975,10000.0001,0.0001,1,bid
1514766990,1514766990,10000.2022,1.0E-5,1,ask
1514767005,1514767005,10000.0505,1.0E-6,1,bid
1514767020,1514767020,10000.0022,0.001,1,ask
1514767035,1514767035,10000.0001,0.0001,1,bid
1514767050,1514767050,10000.2022,1.0E-5,1,ask
1514767065,1514767065,10000.0505,1.0E-6,1,bid
1514767080,1514767080,10000.0022,0.001,1,ask
1514767095,1514767095,10000.0001,0.0001,1,bid
1514767110,1514767110,10000.2022,1.0E-5,1,ask
1514767125,1514767125,10000.0505,1.0E-6,1,bid
1514767140,1514767140,10000.0022,0.001,1,ask
1514767155,1514767155,10000.0001,0.0001,1,bid
1514767170,1514767170,10000.2022,1.0E-5,1,ask
1514767185,1514767185,10000.0505,1.0E-6,1,bid
1514767200,1514767200,10000.0022,0.001,1,ask
1514767215,1514767215,10000.0001,0.0001,1,bid
1514767230,1514767230,10000.2022,1.0E-5,1,ask
1514767245,1514767245,10000.0505,1.0E-6,1,bid
1514767260,1514767260,10000.0022,0.001,1,ask
1514767275,1514767275,10000.0001,0.0001,1,bid
1514767290,1514767290,10000.2022,1.0E-5,1,ask
1514767305,1514767305,10000.0505,1.0E-6,1,bid
1514767320,1514767320,10000.0022,0.001,1,ask
1514767335,1514767335,10000.0001,0.0001,1,bid
1514767350,1514767350,10000.2022,1.0E-5,1,ask
1514767365,1514767365,10000.0505,1.0E-6,1,bid
1514767380,1514767380,10000.0022,0.001,1,ask
1514767395,1514767395,10000.0001,0.0001,1,bid
1514767410,1514767410,10000.2022,1.0E-5,1,ask
1514767425,1514767425,10000.0505,1.0E-6,1,bid
1514767440,1514767440,10000.0022,0.001,1,ask
1514767455,1514767455,10000.0001,0.0001,1,bid
1514767470,1514767470,10000.2022,1.0E-5,1,ask
1514767485,1514767485,10000.0505,1.0E-6,1,bid
1514767500,1514767500,10000.0022,0.001,1,ask
1514767515,1514767515,10000.0001,0.0001,1,bid
1514767530,1514767530,10000.2022,1.0E-5,1,ask
1514767545,1514767545,10000.0505,1.0E-6,1,bid
1514767560,1514767560,10000.0022,0.001,1,ask
1514767575,1514767575,10000.0001,0.0001,1,bid
1514767590,1514767590,10000.2022,1.0E-5,1,ask
1514767605,1514767605,10000.0505,1.0E-6,1,bid
1514767620,1514767620,10000.0022,0.001,1,ask
1514767635,1514767635,10000.0001,0.0001,1,bid
1514767650,1514767650,10000.2022,1.0E-5,1,ask
1514767665,1514767665,10000.0505,1.0E-6,1,bid
1514767680,1514767680,10000.0022,0.001,1,ask
1514767695,1514767695,10000.0001,0.0001,1,bid
1514767710,1514767710,10000.2022,1.0E-5,1,ask
1514767725,1514767725,10000.0505,1.0E-6,1,bid
1514767740,1514767740,10000.0022,0.001,1,ask
1514767755,1514767755,10000.0001,0.0001,1,bid
1514767770,1514767770,10000.2022,1.0E-5,1,ask
1514767785,1514767785,10000.0505,1.0E-6,1,bid
1514767800,1514767800,10000.0022,0.001,1,ask
1514767815,1514767815,10000.0001,0.0001,1,bid
1514767830,1514767830,10000.2022,1.0E-5,1,ask
1514767845,1514767845,10000.0505,1.0E-6,1,bid
1514767860,1514767860,10000.0022,0.001,1,ask
1514767875,1514767875,10000.0001,0.0001,1,bid
1514767890,1514767890,10000.2022,1.0E-5,1,ask
1514767905,1514767905,10000.0505,1.0E-6,1,bid
1514767920,1514767920,10000.0022,0.001,1,ask
1514767935,1514767935,10000.0001,0.0001,1,bid
1514767950,1514767950,10000.2022,1.0E-5,1,ask
1514767965,1514767965,10000.0505,1.0E-6,1,bid
1514767980,1514767980,10000.0022,0.001,1,ask
1514767995,1514767995,10000.0001,0.0001,1,bid
1514768010,1514768010,10000.2022,1.0E-5,1,ask
1514768025,1514768025,10000.0505,1.0E-6,1,bid
1514768040,1514768040,10000.0022,0.001,1,ask
1514768055,1514768055,10000.0001,0.0001,1,bid
1514768070,1514768070,10000.2022,1.0E-5,1,ask
1514768085,1514768085,10000.0505,1.0E-6,1,bid
1514768100,1514768100,10000.0022,0.001,1,ask
1514768115,1514768115,10000.0001,0.0001,1,bid
1514768130,1514768130,10000.2022,1.0E-5,1,ask
1514768145,1514768145,10000.0505,1.0E-6,1,bid
1514768160,1514768160,10000.0022,0.001,1,ask
1514768175,1514768175,10000.0001,0.0001,1,bid
1514768190,1514768190,10000.2022,1.0E-5,1,ask
1514768205,1514768205,10000.0505,1.0E-6,1,bid
1514768220,1514768220,10000.0022,0.001,1,ask
1514768235,1514768235,10000.0001,0.0001,1,bid
1514768250,1514768250,10000.2022,1.0E-5,1,ask
1514768265,1514768265,10000.0505,1.0E-6,1,bid
1514768280,1514768280,10000.0022,0.001,1,ask
1514768295,1514768295,10000.0001,0.0001,1,bid
1514768310,1514768310,10000.2022,1.0E-5,1,ask
1514768325,1514768325,10000.0505,1.0E-6,1,bid
1514768340,1514768340,10000.0022,0.001,1,ask
1514768355,1514768355,10000.0001,0.0001,1,bid
1514768370,1514768370,10000.2022,1.0E-5,1,ask
1514768385,1514768385,10000.0505,1.0E-6,1,bid
1514768400,1514768400,10000.0022,0.001,1,ask
1514768415,1514768415,10000.0001,0.0001,1,bid
1514768430,1514768430,10000.2022,1.0E-5,1,ask
1514768445,1514768445,10000.0505,1.0E-6,1,bid
1514768460,1514768460,10000.0022,0.001,1,ask
1514768475,1514768475,10000.0001,0.0001,1,bid
1514768490,1514768490,10000.2022,1.0E-5,1,ask
1514768505,1514768505,10000.0505,1.0E-6,1,bid
1514768520,1514768520,10000.0022,0.001,1,ask
1514768535,1514768535,10000.0001,0.0001,1,bid
1514768550,1514768550,10000.2022,1.0E-5,1,ask
1514768565,1514768565,10000.0505,1.0E-6,1,bid
1514768580,1514768580,10000.0022,0.001,1,ask
1514768595,1514768595,10000.0001,0.0001,1,bid
1514768610,1514768610,10000.2022,1.0E-5,1,ask
1514768625,1514768625,10000.0505,1.0E-6,1,bid
1514768640,1514768640,10000.0022,0.001,1,ask
1514768655,1514768655,10000.0001,0.0001,1,bid
1514768670,1514768670,10000.2022,1.0E-5,1,ask
1514768685,1514768685,10000.0505,1.0E-6,1,bid
1514768700,1514768700,10000.0022,0.001,1,ask
1514768715,1514768715,10000.0001,0.0001,1,bid
1514768730,1514768730,10000.2022,1.0E-5,1,ask
1514768745,1514768745,10000.0505,1.0E-6,1,bid
1514768760,1514768760,10000.0022,0.001,1,ask
1514768775,1514768775,10000.0001,0.0001,1,bid
1514768790,1514768790,10000.2022,1.0E-5,1,ask
1514768805,1514768805,10000.0505,1.0E-6,1,bid
1514768820,1514768820,10000.0022,0.001,1,ask
1514768835,1514768835,10000.0001,0.0001,1,bid
1514768850,1514768850,10000.2022,1.0E-5,1,ask
1514768865,1514768865,10000.0505,1.0E-6,1,bid
1514768880,1514768880,10000.0022,0.001,1,ask
1514768895,1514768895,10000.0001,0.0001,1,bid
1514768910,1514768910,10000.2022,1.0E-5,1,ask
1514768925,1514768925,10000.0505,1.0E-6,1,bid
1514768940,1514768940,10000.0022,0.001,1,ask
1514768955,1514768955,10000.0001,0.0001,1,bid
1514768970,1514768970,10000.2022,1.0E-5,1,ask
1514768985,1514768985,10000.0505,1.0E-6,1,bid
1514769000,1514769000,10000.0022,0.001,1,ask
1514769015,1514769015,10000.0001,0.0001,1,bid
1514769030,1514769030,10000.2022,1.0E-5,1,ask
1514769045,1514769045,10000.0505,1.0E-6,1,bid
1514769060,1514769060,10000.0022,0.001,1,ask
1514769075,1514769075,10000.0001,0.0001,1,bid
1514769090,1514769090,10000.2022,1.0E-5,1,ask
1514769105,1514769105,10000.0505,1.0E-6,1,bid
1514769120,1514769120,10000.0022,0.001,1,ask
1514769135,1514769135,10000.0001,0.0001,1,bid
1514769150,1514769150,10000.2022,1.0E-5,1,ask
1514769165,1514769165,10000.0505,1.0E-6,1,bid
1514769180,1514769180,10000.0022,0.001,1,ask
1514769195,1514769195,10000.0001,0.0001,1,bid
1514769210,1514769210,10000.2022,1.0E-5,1,ask
1514769225,1514769225,10000.0505,1.0E-6,1,bid
1514769240,1514769240,10000.0022,0.001,1,ask
1514769255,1514769255,10000.0001,0.0001,1,bid
1514769270,1514769270,10000.2022,1.0E-5,1,ask
1514769285,1514769285,10000.0505,1.0E-6,1,bid
1514769300,1514769300,10000.0022,0.001,1,ask
1514769315,1514769315,10000.0001,0.0001,1,bid
1514769330,1514769330,10000.2022,1.0E-5,1,ask
1514769345,1514769345,10000.0505,1.0E-6,1,bid
1514769360,1514769360,10000.0022,0.001,1,ask
1514769375,1514769375,10000.0001,0.0001,1,bid
1514769390,1514769390,10000.2022,1.0E-5,1,ask
1514769405,1514769405,10000.0505,1.0E-6,1,bid
1514769420,1514769420,10000.0022,0.001,1,ask
1514769435,1514769435,10000.0001,0.0001,1,bid
1514769450,1514769450,10000.2022,1.0E-5,1,ask
1514769465,1514769465,10000.0505,1.0E-6,1,bid
1514769480,1514769480,10000.0022,0.001,1,ask
1514769495,1514769495,10000.0001,0.0001,1,bid
1514769510,1514769510,10000.2022,1.0E-5,1,ask
1514769525,1514769525,10000.0505,1.0E-6,1,bid
1514769540,1514769540,10000.0022,0.001,1,ask
1514769555,1514769555,10000.0001,0.0001,1,bid
1514769570,1514769570,10000.2022,1.0E-5,1,ask
1514769585,1514769585,10000.0505,1.0E-6,1,bid
1514769600,1514769600,10000.0022,0.001,1,ask
1514769615,1514769615,10000.0001,0.0001,1,bid
1514769630,1514769630,10000.2022,1.0E-5,1,ask
1514769645,1514769645,10000.0505,1.0E-6,1,bid
1514769660,1514769660,10000.0022,0.001,1,ask
1514769675,1514769675,10000.0001,0.0001,1,bid
1514769690,1514769690,10000.2022,1.0E-5,1,ask
1514769705,1514769705,10000.0505,1.0E-6,1,bid
1514769720,1514769720,10000.0022,0.001,1,ask
1514769735,1514769735,10000.0001,0.0001,1,bid
1514769750,1514769750,10000.2022,1.0E-5,1,ask
1514769765,1514769765,10000.0505,1.0E-6,1,bid
1514769780,1514769780,10000.0022,0.001,1,ask
1514769795,1514769795,10000.0001,0.0001,1,bid
1514769810,1514769810,10000.2022,1.0E-5,1,ask
1514769825,1514769825,10000.0505,1.0E-6,1,bid
1514769840,1514769840,10000.0022,0.001,1,ask
1514769855,1514769855,10000.0001,0.0001,1,bid
1514769870,1514769870,10000.2022,1.0E-5,1,ask
1514769885,1514769885,10000.0505,1.0E-6,1,bid
1514769900,1514769900,10000.0022,0.001,1,ask
1514769915,1514769915,10000.0001,0.0001,1,bid
1514769930,1514769930,10000.2022,1.0E-5,1,ask
1514769945,1514769945,10000.0505,1.0E-6,1,bid
1514769960,1514769960,10000.0022,0.001,1,ask
1514769975,1514769975,10000.0001,0.0001,1,bid
1514769990,1514769990,10000.2022,1.0E-5,1,ask
1514770005,1514770005,10000.0505,1.0E-6,1,bid
1514770020,1514770020,10000.0022,0.001,1,ask
1514770035,1514770035,10000.0001,0.0001,1,bid
1514770050,1514770050,10000.2022,1.0E-5,1,ask
1514770065,1514770065,10000.0505,1.0E-6,1,bid
1514770080,1514770080,10000.0022,0.001,1,ask
1514770095,1514770095,10000.0001,0.0001,1,bid
1514770110,1514770110,10000.2022,1.0E-5,1,ask
1514770125,1514770125,10000.0505,1.0E-6,1,bid
1514770140,1514770140,10000.0022,0.001,1,ask
1514770155,1514770155,10000.0001,0.0001,1,bid
1514770170,1514770170,10000.2022,1.0E-5,1,ask
1514770185,1514770185,10000.0505,1.0E-6,1,bid
1514770200,1514770200,10000.0022,0.001,1,ask
1514770215,1514770215,10000.0001,0.0001,1,bid
1514770230,1514770230,10000.2022,1.0E-5,1,ask
1514770245,1514770245,10000.0505,1.0E-6,1,bid
1514770260,1514770260,10000.0022,0.001,1,ask
1514770275,1514770275,10000.0001,0.0001,1,bid
1514770290,1514770290,10000.2022,1.0E-5,1,ask
1514770305,1514770305,10000.0505,1.0E-6,1,bid
1514770320,1514770320,10000.0022,0.001,1,ask
1514770335,1514770335,10000.0001,0.0001,1,bid
1514770350,1514770350,10000.2022,1.0E-5,1,ask
1514770365,1514770365,10000.0505,1.0E-6,1,bid
1514770380,1514770380,10000.0022,0.001,1,ask
1514770395,1514770395,10000.0001,0.0001,1,bid
1514770410,1514770410,10000.2022,1.0E-5,1,ask
1514770425,1514770425,10000.0505,1.0E-6,1,bid
1514770440,1514770440,10000.0022,0.001,1,ask
1514770455,1514770455,10000.0001,0.0001,1,bid
1514770470,1514770470,10000.2022,1.0E-5,1,ask
1514770485,1514770485,10000.0505,1.0E-6,1,bid
1514770500,1514770500,10000.0022,0.001,1,ask
1514770515,1514770515,10000.0001,0.0001,1,bid
1514770530,1514770530,10000.2022,1.0E-5,1,ask
1514770545,1514770545,10000.0505,1.0E-6,1,bid
1514770560,1514770560,10000.0022,0.001,1,ask
1514770575,1514770575,10000.0001,0.0001,1,bid
1514770590,1514770590,10000.2022,1.0E-5,1,ask
1514770605,1514770605,10000.0505,1.0E-6,1,bid
1514770620,1514770620,10000.0022,0.001,1,ask
1514770635,1514770635,10000.0001,0.0001,1,bid
1514770650,1514770650,10000.2022,1.0E-5,1,ask
1514770665,1514770665,10000.0505,1.0E-6,1,bid
1514770680,1514770680,10000.0022,0.001,1,ask
1514770695,1514770695,10000.0001,0.0001,1,bid
1514770710,1514770710,10000.2022,1.0E-5,1,ask
1514770725,1514770725,10000.0505,1.0E-6,1,bid
1514770740,1514770740,10000.0022,0.001,1,ask
1514770755,1514770755,10000.0001,0.0001,1,bid
1514770770,1514770770,10000.2022,1.0E-5,1,ask
1514770785,1514770785,10000.0505,1.0E-6,1,bid
1514770800,1514770800,10000.0022,0.001,1,ask
1514770815,1514770815,10000.0001,0.0001,1,bid
1514770830,1514770830,10000.2022,1.0E-5,1,ask
1514770845,1514770845,10000.0505,1.0E-6,1,bid
1514770860,1514770860,10000.0022,0.001,1,ask
1514770875,1514770875,10000.0001,0.0001,1,bid
1514770890,1514770890,10000.2022,1.0E-5,1,ask
1514770905,1514770905,10000.0505,1.0E-6,1,bid
1514770920,1514770920,10000.0022,0.001,1,ask
1514770935,1514770935,10000.0001,0.0001,1,bid
1514770950,1514770950,10000.2022,1.0E-5,1,ask
1514770965,1514770965,10000.0505,1.0E-6,1,bid
1514770980,1514770980,10000.0022,0.001,1,ask
1514770995,1514770995,10000.0001,0.0001,1,bid
1514771010,1514771010,10000.2022,1.0E-5,1,ask
1514771025,1514771025,10000.0505,1.0E-6,1,bid
1514771040,1514771040,10000.0022,0.001,1,ask
1514771055,1514771055,10000.0001,0.0001,1,bid
1514771070,1514771070,10000.2022,1.0E-5,1,ask
1514771085,1514771085,10000.0505,1.0E-6,1,bid
1514771100,1514771100,10000.0022,0.001,1,ask
1514771115,1514771115,10000.0001,0.0001,1,bid
1514771130,1514771130,10000.2022,1.0E-5,1,ask
1514771145,1514771145,10000.0505,1.0E-6,1,bid
1514771160,1514771160,10000.0022,0.001,1,ask
1514771175,1514771175,10000.0001,0.0001,1,bid
1514771190,1514771190,10000.2022,1.0E-5,1,ask
1514771205,1514771205,10000.0505,1.0E-6,1,bid
1514771220,1514771220,10000.0022,0.001,1,ask
1514771235,1514771235,10000.0001,0.0001,1,bid
1514771250,1514771250,10000.2022,1.0E-5,1,ask
1514771265,1514771265,10000.0505,1.0E-6,1,bid
1514771280,1514771280,10000.0022,0.001,1,ask
1514771295,1514771295,10000.0001,0.0001,1,bid
1514771310,1514771310,10000.2022,1.0E-5,1,ask
1514771325,1514771325,10000.0505,1.0E-6,1,bid
1514771340,1514771340,10000.0022,0.001,1,ask
1514771355,1514771355,10000.0001,0.0001,1,bid
1514771370,1514771370,10000.2022,1.0E-5,1,ask
1514771385,1514771385,10000.0505,1.0E-6,1,bid
1514771400,1514771400,10000.0022,0.001,1,ask
1514771415,1514771415,10000.0001,0.0001,1,bid
1514771430,1514771430,10000.2022,1.0E-5,1,ask
1514771445,1514771445,10000.0505,1.0E-6,1,bid
1514771460,1514771460,10000.0022,0.001,1,ask
1514771475,1514771475,10000.0001,0.0001,1,bid
1514771490,1514771490,10000.2022,1.0E-5,1,ask
1514771505,1514771505,10000.0505,1.0E-6,1,bid
1514771520,1514771520,10000.0022,0.001,1,ask
1514771535,1514771535,10000.0001,0.0001,1,bid
1514771550,1514771550,10000.2022,1.0E-5,1,ask
1514771565,1514771565,10000.0505,1.0E-6,1,bid
1514771580,1514771580,10000.0022,0.001,1,ask
1514771595,1514771595,10000.0001,0.0001,1,bid
1514771610,1514771610,10000.2022,1.0E-5,1,ask
1514771625,1514771625,10000.0505,1.0E-6,1,bid
1514771640,1514771640,10000.0022,0.001,1,ask
1514771655,1514771655,10000.0001,0.0001,1,bid
1514771670,1514771670,10000.2022,1.0E-5,1,ask
1514771685,1514771685,10000.0505,1.0E-6,1,bid
1514771700,1514771700,10000.0022,0.001,1,ask
1514771715,1514771715,10000.0001,0.0001,1,bid
1514771730,1514771730,10000.2022,1.0E-5,1,ask
1514771745,1514771745,10000.0505,1.0E-6,1,bid
1514771760,1514771760,10000.0022,0.001,1,ask
1514771775,1514771775,10000.0001,0.0001,1,bid
1514771790,1514771790,10000.2022,1.0E-5,1,ask
1514771805,1514771805,10000.0505,1.0E-6,1,bid
1514771820,1514771820,10000.0022,0.001,1,ask
1514771835,1514771835,10000.0001,0.0001,1,bid
1514771850,1514771850,10000.2022,1.0E-5,1,ask
1514771865,1514771865,10000.0505,1.0E-6,1,bid
1514771880,1514771880,10000.0022,0.001,1,ask
1514771895,1514771895,10000.0001,0.0001,1,bid
1514771910,1514771910,10000.2022,1.0E-5,1,ask
1514771925,1514771925,10000.0505,1.0E-6,1,bid
1514771940,1514771940,10000.0022,0.001,1,ask
1514771955,1514771955,10000.0001,0.0001,1,bid
1514771970,1514771970,10000.2022,1.0E-5,1,ask
1514771985,1514771985,10000.0505,1.0E-6,1,bid
1514772000,1514772000,10000.0022,0.001,1,ask
1514772015,1514772015,10000.0001,0.0001,1,bid
1514772030,1514772030,10000.2022,1.0E-5,1,ask
1514772045,1514772045,10000.0505,1.0E-6,1,bid
1514772060,1514772060,10000.0022,0.001,1,ask
1514772075,1514772075,10000.0001,0.0001,1,bid
1514772090,1514772090,10000.2022,1.0E-5,1,ask
1514772105,1514772105,10000.0505,1.0E-6,1,bid
1514772120,1514772120,10000.0022,0.001,1,ask
1514772135,1514772135,10000.0001,0.0001,1,bid
1514772150,1514772150,10000.2022,1.0E-5,1,ask
1514772165,1514772165,10000.0505,1.0E-6,1,bid
1514772180,1514772180,10000.0022,0.001,1,ask
1514772195,1514772195,10000.0001,0.0001,1,bid
1514772210,1514772210,10000.2022,1.0E-5,1,ask
1514772225,1514772225,10000.0505,1.0E-6,1,bid
1514772240,1514772240,10000.0022,0.001,1,ask
1514772255,1514772255,10000.0001,0.0001,1,bid
1514772270,1514772270,10000.2022,1.0E-5,1,ask
1514772285,1514772285,10000.0505,1.0E-6,1,bid
1514772300,1514772300,10000.0022,0.001,1,ask
1514772315,1514772315,10000.0001,0.0001,1,bid
1514772330,1514772330,10000.2022,1.0E-5,1,ask
1514772345,1514772345,10000.0505,1.0E-6,1,bid
1514772360,1514772360,10000.0022,0.001,1,ask
1514772375,1514772375,10000.0001,0.0001,1,bid
1514772390,1514772390,10000.2022,1.0E-5,1,ask
1514772405,1514772405,10000.0505,1.0E-6,1,bid
1514772420,1514772420,10000.0022,0.001,1,ask
1514772435,1514772435,10000.0001,0.0001,1,bid
1514772450,1514772450,10000.2022,1.0E-5,1,ask
1514772465,1514772465,10000.0505,1.0E-6,1,bid
1514772480,1514772480,10000.0022,0.001,1,ask
1514772495,1514772495,10000.0001,0.0001,1,bid
1514772510,1514772510,10000.2022,1.0E-5,1,ask
1514772525,1514772525,10000.0505,1.0E-6,1,bid
1514772540,1514772540,10000.0022,0.001,1,ask
1514772555,1514772555,10000.0001,0.0001,1,bid
1514772570,1514772570,10000.2022,1.0E-5,1,ask
1514772585,1514772585,10000.0505,1.0E-6,1,bid
1514772600,1514772600,10000.0022,0.001,1,ask
1514772615,1514772615,10000.0001,0.0001,1,bid
1514772630,1514772630,10000.2022,1.0E-5,1,ask
1514772645,1514772645,10000.0505,1.0E-6,1,bid
1514772660,1514772660,10000.0022,0.001,1,ask
1514772675,1514772675,10000.0001,0.0001,1,bid
1514772690,1514772690,10000.2022,1.0E-5,1,ask
1514772705,1514772705,10000.0505,1.0E-6,1,bid
1514772720,1514772720,10000.0022,0.001,1,ask
1514772735,1514772735,10000.0001,0.0001,1,bid
1514772750,1514772750,10000.2022,1.0E-5,1,ask
1514772765,1514772765,10000.0505,1.0E-6,1,bid
1514772780,1514772780,10000.0022,0.001,1,ask
1514772795,1514772795,10000.0001,0.0001,1,bid
1514772810,1514772810,10000.2022,1.0E-5,1,ask
1514772825,1514772825,10000.0505,1.0E-6,1,bid
1514772840,1514772840,10000.0022,0.001,1,ask
1514772855,1514772855,10000.0001,0.0001,1,bid
1514772870,1514772870,10000.2022,1.0E-5,1,ask
1514772885,1514772885,10000.0505,1.0E-6,1,bid
1514772900,1514772900,10000.0022,0.001,1,ask
1514772915,1514772915,10000.0001,0.0001,1,bid
1514772930,1514772930,10000.2022,1.0E-5,1,ask
1514772945,1514772945,10000.0505,1.0E-6,1,bid
1514772960,1514772960,10000.0022,0.001,1,ask
1514772975,1514772975,10000.0001,0.0001,1,bid
1514772990,1514772990,10000.2022,1.0E-5,1,ask
1514773005,1514773005,10000.0505,1.0E-6,1,bid
1514773020,1514773020,10000.0022,0.001,1,ask
1514773035,1514773035,10000.0001,0.0001,1,bid
1514773050,1514773050,10000.2022,1.0E-5,1,ask
1514773065,1514773065,10000.0505,1.0E-6,1,bid
1514773080,1514773080,10000.0022,0.001,1,ask
1514773095,1514773095,10000.0001,0.0001,1,bid
1514773110,1514773110,10000.2022,1.0E-5,1,ask
1514773125,1514773125,10000.0505,1.0E-6,1,bid
1514773140,1514773140,10000.0022,0.001,1,ask
1514773155,1514773155,10000.0001,0.0001,1,bid
1514773170,1514773170,10000.2022,1.0E-5,1,ask
1514773185,1514773185,10000.0505,1.0E-6,1,bid
1514773200,1514773200,10000.0022,0.001,1,ask
1514773215,1514773215,10000.0001,0.0001,1,bid
1514773230,1514773230,10000.2022,1.0E-5,1,ask
1514773245,1514773245,10000.0505,1.0E-6,1,bid
1514773260,1514773260,10000.0022,0.001,1,ask
1514773275,1514773275,10000.0001,0.0001,1,bid
1514773290,1514773290,10000.2022,1.0E-5,1,ask
1514773305,1514773305,10000.0505,1.0E-6,1,bid
1514773320,1514773320,10000.0022,0.001,1,ask
1514773335,1514773335,10000.0001,0.0001,1,bid
1514773350,1514773350,10000.2022,1.0E-5,1,ask
1514773365,1514773365,10000.0505,1.0E-6,1,bid
1514773380,1514773380,10000.0022,0.001,1,ask
1514773395,1514773395,10000.0001,0.0001,1,bid
1514773410,1514773410,10000.2022,1.0E-5,1,ask
1514773425,1514773425,10000.0505,1.0E-6,1,bid
1514773440,1514773440,10000.0022,0.001,1,ask
1514773455,1514773455,10000.0001,0.0001,1,bid
1514773470,1514773470,10000.2022,1.0E-5,1,ask
1514773485,1514773485,10000.0505,1.0E-6,1,bid
1514773500,1514773500,10000.0022,0.001,1,ask
1514773515,1514773515,10000.0001,0.0001,1,bid
1514773530,1514773530,10000.2022,1.0E-5,1,ask
1514773545,1514773545,10000.0505,1.0E-6,1,bid
1514773560,1514773560,10000.0022,0.001,1,ask
1514773575,1514773575,10000.0001,0.0001,1,bid
1514773590,1514773590,10000.2022,1.0E-5,1,ask
1514773605,1514773605,10000.0505,1.0E-6,1,bid
1514773620,1514773620,10000.0022,0.001,1,ask
1514773635,1514773635,10000.0001,0.0001,1,bid
1514773650,1514773650,10000.2022,1.0E-5,1,ask
1514773665,1514773665,10000.0505,1.0E-6,1,bid
1514773680,1514773680,10000.0022,0.001,1,ask
1514773695,1514773695,10000.0001,0.0001,1,bid
1514773710,1514773710,10000.2022,1.0E-5,1,ask
1514773725,1514773725,10000.0505,1.0E-6,1,bid
1514773740,1514773740,10000.0022,0.001,1,ask
1514773755,1514773755,10000.0001,0.0001,1,bid
1514773770,1514773770,10000.2022,1.0E-5,1,ask
1514773785,1514773785,10000.0505,1.0E-6,1,bid
1514773800,1514773800,10000.0022,0.001,1,ask
1514773815,1514773815,10000.0001,0.0001,1,bid
1514773830,1514773830,10000.2022,1.0E-5,1,ask
1514773845,1514773845,10000.0505,1.0E-6,1,bid
1514773860,1514773860,10000.0022,0.001,1,ask
1514773875,1514773875,10000.0001,0.0001,1,bid
1514773890,1514773890,10000.2022,1.0E-5,1,ask
1514773905,1514773905,10000.0505,1.0E-6,1,bid
1514773920,1514773920,10000.0022,0.001,1,ask
1514773935,1514773935,10000.0001,0.0001,1,bid
1514773950,1514773950,10000.2022,1.0E-5,1,ask
1514773965,1514773965,10000.0505,1.0E-6,1,bid
1514773980,1514773980,10000.0022,0.001,1,ask
1514773995,1514773995,10000.0001,0.0001,1,bid
1514774010,1514774010,10000.2022,1.0E-5,1,ask
1514774025,1514774025,10000.0505,1.0E-6,1,bid
1514774040,1514774040,10000.0022,0.001,1,ask
1514774055,1514774055,10000.0001,0.0001,1,bid
1514774070,1514774070,10000.2022,1.0E-5,1,ask
1514774085,1514774085,10000.0505,1.0E-6,1,bid
1514774100,1514774100,10000.0022,0.001,1,ask
1514774115,1514774115,10000.0001,0.0001,1,bid
1514774130,1514774130,10000.2022,1.0E-5,1,ask
1514774145,1514774145,10000.0505,1.0E-6,1,bid
1514774160,1514774160,10000.0022,0.001,1,ask
1514774175,1514774175,10000.0001,0.0001,1,bid
1514774190,1514774190,10000.2022,1.0E-5,1,ask
1514774205,1514774205,10000.0505,1.0E-6,1,bid
1514774220,1514774220,10000.0022,0.001,1,ask
1514774235,1514774235,10000.0001,0.0001,1,bid
1514774250,1514774250,10000.2022,1.0E-5,1,ask
1514774265,1514774265,10000.0505,1.0E-6,1,bid
1514774280,1514774280,10000.0022,0.001,1,ask
1514774295,1514774295,10000.0001,0.0001,1,bid
1514774310,1514774310,10000.2022,1.0E-5,1,ask
1514774325,1514774325,10000.0505,1.0E-6,1,bid
1514774340,1514774340,10000.0022,0.001,1,ask
1514774355,1514774355,10000.0001,0.0001,1,bid
1514774370,1514774370,10000.2022,1.0E-5,1,ask
1514774385,1514774385,10000.0505,1.0E-6,1,bid
1514774400,1514774400,10000.0022,0.001,1,ask
1514774415,1514774415,10000.0001,0.0001,1,bid
1514774430,1514774430,10000.2022,1.0E-5,1,ask
1514774445,1514774445,10000.0505,1.0E-6,1,bid
1514774460,1514774460,10000.0022,0.001,1,ask
1514774475,1514774475,10000.0001,0.0001,1,bid
1514774490,1514774490,10000.2022,1.0E-5,1,ask
1514774505,1514774505,10000.0505,1.0E-6,1,bid
1514774520,1514774520,10000.0022,0.001,1,ask
1514774535,1514774535,10000.0001,0.0001,1,bid
1514774550,1514774550,10000.2022,1.0E-5,1,ask
1514774565,1514774565,10000.0505,1.0E-6,1,bid
1514774580,1514774580,10000.0022,0.001,1,ask
1514774595,1514774595,10000.0001,0.0001,1,bid
1514774610,1514774610,10000.2022,1.0E-5,1,ask
1514774625,1514774625,10000.0505,1.0E-6,1,bid
1514774640,1514774640,10000.0022,0.001,1,ask
1514774655,1514774655,10000.0001,0.0001,1,bid
1514774670,1514774670,10000.2022,1.0E-5,1,ask
1514774685,1514774685,10000.0505,1.0E-6,1,bid
1514774700,1514774700,10000.0022,0.001,1,ask
1514774715,1514774715,10000.0001,0.0001,1,bid
1514774730,1514774730,10000.2022,1.0E-5,1,ask
1514774745,1514774745,10000.0505,1.0E-6,1,bid
1514774760,1514774760,10000.0022,0.001,1,ask
1514774775,1514774775,10000.0001,0.0001,1,bid
1514774790,1514774790,10000.2022,1.0E-5,1,ask
1514774805,1514774805,10000.0505,1.0E-6,1,bid
1514774820,1514774820,10000.0022,0.001,1,ask
1514774835,1514774835,10000.0001,0.0001,1,bid
1514774850,1514774850,10000.2022,1.0E-5,1,ask
1514774865,1514774865,10000.0505,1.0E-6,1,bid
1514774880,1514774880,10000.0022,0.001,1,ask
1514774895,1514774895,10000.0001,0.0001,1,bid
1514774910,1514774910,10000.2022,1.0E-5,1,ask
1514774925,1514774925,10000.0505,1.0E-6,1,bid
1514774940,1514774940,10000.0022,0.001,1,ask
1514774955,1514774955,10000.0001,0.0001,1,bid
1514774970,1514774970,10000.2022,1.0E-5,1,ask
1514774985,1514774985,10000.0505,1.0E-6,1,bid
1514775000,1514775000,10000.0022,0.001,1,ask
1514775015,1514775015,10000.0001,0.0001,1,bid
1514775030,1514775030,10000.2022,1.0E-5,1,ask
1514775045,1514775045,10000.0505,1.0E-6,1,bid
1514775060,1514775060,10000.0022,0.001,1,ask
1514775075,1514775075,10000.0001,0.0001,1,bid
1514775090,1514775090,10000.2022,1.0E-5,1,ask
1514775105,1514775105,10000.0505,1.0E-6,1,bid
1514775120,1514775120,10000.0022,0.001,1,ask
1514775135,1514775135,10000.0001,0.0001,1,bid
1514775150,1514775150,10000.2022,1.0E-5,1,ask
1514775165,1514775165,10000.0505,1.0E-6,1,bid
1514775180,1514775180,10000.0022,0.001,1,ask
1514775195,1514775195,10000.0001,0.0001,1,bid
1514775210,1514775210,10000.2022,1.0E-5,1,ask
1514775225,1514775225,10000.0505,1.0E-6,1,bid
1514775240,1514775240,10000.0022,0.001,1,ask
1514775255,1514775255,10000.0001,0.0001,1,bid
1514775270,1514775270,10000.2022,1.0E-5,1,ask
1514775285,1514775285,10000.0505,1.0E-6,1,bid
1514775300,1514775300,10000.0022,0.001,1,ask
1514775315,1514775315,10000.0001,0.0001,1,bid
1514775330,1514775330,10000.2022,1.0E-5,1,ask
1514775345,1514775345,10000.0505,1.0E-6,1,bid
1514775360,1514775360,10000.0022,0.001,1,ask
1514775375,1514775375,10000.0001,0.0001,1,bid
1514775390,1514775390,10000.2022,1.0E-5,1,ask
1514775405,1514775405,10000.0505,1.0E-6,1,bid
1514775420,1514775420,10000.0022,0.001,1,ask
1514775435,1514775435,10000.0001,0.0001,1,bid
1514775450,1514775450,10000.2022,1.0E-5,1,ask
1514775465,1514775465,10000.0505,1.0E-6,1,bid
1514775480,1514775480,10000.0022,0.001,1,ask
1514775495,1514775495,10000.0001,0.0001,1,bid
1514775510,1514775510,10000.2022,1.0E-5,1,ask
1514775525,1514775525,10000.0505,1.0E-6,1,bid
1514775540,1514775540,10000.0022,0.001,1,ask
1514775555,1514775555,10000.0001,0.0001,1,bid
1514775570,1514775570,10000.2022,1.0E-5,1,ask
1514775585,1514775585,10000.0505,1.0E-6,1,bid
1514775600,1514775600,10000.0022,0.001,1,ask
1514775615,1514775615,10000.0001,0.0001,1,bid
1514775630,1514775630,10000.2022,1.0E-5,1,ask
1514775645,1514775645,10000.0505,1.0E-6,1,bid
1514775660,1514775660,10000.0022,0.001,1,ask
1514775675,1514775675,10000.0001,0.0001,1,bid
1514775690,1514775690,10000.2022,1.0E-5,1,ask
1514775705,1514775705,10000.0505,1.0E-6,1,bid
1514775720,1514775720,10000.0022,0.001,1,ask
1514775735,1514775735,10000.0001,0.0001,1,bid
1514775750,1514775750,10000.2022,1.0E-5,1,ask
1514775765,1514775765,10000.0505,1.0E-6,1,bid
1514775780,1514775780,10000.0022,0.001,1,ask
1514775795,1514775795,10000.0001,0.0001,1,bid
1514775810,1514775810,10000.2022,1.0E-5,1,ask
1514775825,1514775825,10000.0505,1.0E-6,1,bid
1514775840,1514775840,10000.0022,0.001,1,ask
1514775855,1514775855,10000.0001,0.0001,1,bid
1514775870,1514775870,10000.2022,1.0E-5,1,ask
1514775885,1514775885,10000.0505,1.0E-6,1,bid
1514775900,1514775900,10000.0022,0.001,1,ask
1514775915,1514775915,10000.0001,0.0001,1,bid
1514775930,1514775930,10000.2022,1.0E-5,1,ask
1514775945,1514775945,10000.0505,1.0E-6,1,bid
1514775960,1514775960,10000.0022,0.001,1,ask
1514775975,1514775975,10000.0001,0.0001,1,bid
1514775990,1514775990,10000.2022,1.0E-5,1,ask
1514776005,1514776005,10000.0505,1.0E-6,1,bid
1514776020,1514776020,10000.0022,0.001,1,ask
1514776035,1514776035,10000.0001,0.0001,1,bid
1514776050,1514776050,10000.2022,1.0E-5,1,ask
1514776065,1514776065,10000.0505,1.0E-6,1,bid
1514776080,1514776080,10000.0022,0.001,1,ask
1514776095,1514776095,10000.0001,0.0001,1,bid
1514776110,1514776110,10000.2022,1.0E-5,1,ask
1514776125,1514776125,10000.0505,1.0E-6,1,bid
1514776140,1514776140,10000.0022,0.001,1,ask
1514776155,1514776155,10000.0001,0.0001,1,bid
1514776170,1514776170,10000.2022,1.0E-5,1,ask
1514776185,1514776185,10000.0505,1.0E-6,1,bid
1514776200,1514776200,10000.0022,0.001,1,ask
1514776215,1514776215,10000.0001,0.0001,1,bid
1514776230,1514776230,10000.2022,1.0E-5,1,ask
1514776245,1514776245,10000.0505,1.0E-6,1,bid
1514776260,1514776260,10000.0022,0.001,1,ask
1514776275,1514776275,10000.0001,0.0001,1,bid
1514776290,1514776290,10000.2022,1.0E-5,1,ask
1514776305,1514776305,10000.0505,1.0E-6,1,bid
1514776320,1514776320,10000.0022,0.001,1,ask
1514776335,1514776335,10000.0001,0.0001,1,bid
1514776350,1514776350,10000.2022,1.0E-5,1,ask
1514776365,1514776365,10000.0505,1.0E-6,1,bid
1514776380,1514776380,10000.0022,0.001,1,ask
1514776395,1514776395,10000.0001,0.0001,1,bid
1514776410,1514776410,10000.2022,1.0E-5,1,ask
1514776425,1514776425,10000.0505,1.0E-6,1,bid
1514776440,1514776440,10000.0022,0.001,1,ask
1514776455,1514776455,10000.0001,0.0001,1,bid
1514776470,1514776470,10000.2022,1.0E-5,1,ask
1514776485,1514776485,10000.0505,1.0E-6,1,bid
1514776500,1514776500,10000.0022,0.001,1,ask
1514776515,1514776515,10000.0001,0.0001,1,bid
1514776530,1514776530,10000.2022,1.0E-5,1,ask
1514776545,1514776545,10000.0505,1.0E-6,1,bid
1514776560,1514776560,10000.0022,0.001,1,ask
1514776575,1514776575,10000.0001,0.0001,1,bid
1514776590,1514776590,10000.2022,1.0E-5,1,ask
1514776605,1514776605,10000.0505,1.0E-6,1,bid
1514776620,1514776620,10000.0022,0.001,1,ask
1514776635,1514776635,10000.0001,0.0001,1,bid
1514776650,1514776650,10000.2022,1.0E-5,1,ask
1514776665,1514776665,10000.0505,1.0E-6,1,bid
1514776680,1514776680,10000.0022,0.001,1,ask
1514776695,1514776695,10000.0001,0.0001,1,bid
1514776710,1514776710,10000.2022,1.0E-5,1,ask
1514776725,1514776725,10000.0505,1.0E-6,1,bid
1514776740,1514776740,10000.0022,0.001,1,ask
1514776755,1514776755,10000.0001,0.0001,1,bid
1514776770,1514776770,10000.2022,1.0E-5,1,ask
1514776785,1514776785,10000.0505,1.0E-6,1,bid
1514776800,1514776800,10000.0022,0.001,1,ask
1514776815,1514776815,10000.0001,0.0001,1,bid
1514776830,1514776830,10000.2022,1.0E-5,1,ask
1514776845,1514776845,10000.0505,1.0E-6,1,bid
1514776860,1514776860,10000.0022,0.001,1,ask
1514776875,1514776875,10000.0001,0.0001,1,bid
1514776890,1514776890,10000.2022,1.0E-5,1,ask
1514776905,1514776905,10000.0505,1.0E-6,1,bid
1514776920,1514776920,10000.0022,0.001,1,ask
1514776935,1514776935,10000.0001,0.0001,1,bid
1514776950,1514776950,10000.2022,1.0E-5,1,ask
1514776965,1514776965,10000.0505,1.0E-6,1,bid
1514776980,1514776980,10000.0022,0.001,1,ask
1514776995,1514776995,10000.0001,0.0001,1,bid
1514777010,1514777010,10000.2022,1.0E-5,1,ask
1514777025,1514777025,10000.0505,1.0E-6,1,bid
1514777040,1514777040,10000.0022,0.001,1,ask
1514777055,1514777055,10000.0001,0.0001,1,bid
1514777070,1514777070,10000.2022,1.0E-5,1,ask
1514777085,1514777085,10000.0505,1.0E-6,1,bid
1514777100,1514777100,10000.0022,0.001,1,ask
1514777115,1514777115,10000.0001,0.0001,1,bid
1514777130,1514777130,10000.2022,1.0E-5,1,ask
1514777145,1514777145,10000.0505,1.0E-6,1,bid
1514777160,1514777160,10000.0022,0.001,1,ask
1514777175,1514777175,10000.0001,0.0001,1,bid
1514777190,1514777190,10000.2022,1.0E-5,1,ask
1514777205,1514777205,10000.0505,1.0E-6,1,bid
1514777220,1514777220,10000.0022,0.001,1,ask
1514777235,1514777235,10000.0001,0.0001,1,bid
1514777250,1514777250,10000.2022,1.0E-5,1,ask
1514777265,1514777265,10000.0505,1.0E-6,1,bid
1514777280,1514777280,10000.0022,0.001,1,ask
1514777295,1514777295,10000.0001,0.0001,1,bid
1514777310,1514777310,10000.2022,1.0E-5,1,ask
1514777325,1514777325,10000.0505,1.0E-6,1,bid
1514777340,1514777340,10000.0022,0.001,1,ask
1514777355,1514777355,10000.0001,0.0001,1,bid
1514777370,1514777370,10000.2022,1.0E-5,1,ask
1514777385,1514777385,10000.0505,1.0E-6,1,bid
1514777400,1514777400,10000.0022,0.001,1,ask
1514777415,1514777415,10000.0001,0.0001,1,bid
1514777430,1514777430,10000.2022,1.0E-5,1,ask
1514777445,1514777445,10000.0505,1.0E-6,1,bid
1514777460,1514777460,10000.0022,0.001,1,ask
1514777475,1514777475,10000.0001,0.0001,1,bid
1514777490,1514777490,10000.2022,1.0E-5,1,ask
1514777505,1514777505,10000.0505,1.0E-6,1,bid
1514777520,1514777520,10000.0022,0.001,1,ask
1514777535,1514777535,10000.0001,0.0001,1,bid
1514777550,1514777550,10000.2022,1.0E-5,1,ask
1514777565,1514777565,10000.0505,1.0E-6,1,bid
1514777580,1514777580,10000.0022,0.001,1,ask
1514777595,1514777595,10000.0001,0.0001,1,bid
1514777610,1514777610,10000.2022,1.0E-5,1,ask
1514777625,1514777625,10000.0505,1.0E-6,1,bid
1514777640,1514777640,10000.0022,0.001,1,ask
1514777655,1514777655,10000.0001,0.0001,1,bid
1514777670,1514777670,10000.2022,1.0E-5,1,ask
1514777685,1514777685,10000.0505,1.0E-6,1,bid
1514777700,1514777700,10000.0022,0.001,1,ask
1514777715,1514777715,10000.0001,0.0001,1,bid
1514777730,1514777730,10000.2022,1.0E-5,1,ask
1514777745,1514777745,10000.0505,1.0E-6,1,bid
1514777760,1514777760,10000.0022,0.001,1,ask
1514777775,1514777775,10000.0001,0.0001,1,bid
1514777790,1514777790,10000.2022,1.0E-5,1,ask
1514777805,1514777805,10000.0505,1.0E-6,1,bid
1514777820,1514777820,10000.0022,0.001,1,ask
1514777835,1514777835,10000.0001,0.0001,1,bid
1514777850,1514777850,10000.2022,1.0E-5,1,ask
1514777865,1514777865,10000.0505,1.0E-6,1,bid
1514777880,1514777880,10000.0022,0.001,1,ask
1514777895,1514777895,10000.0001,0.0001,1,bid
1514777910,1514777910,10000.2022,1.0E-5,1,ask
1514777925,1514777925,10000.0505,1.0E-6,1,bid
1514777940,1514777940,10000.0022,0.001,1,ask
1514777955,1514777955,10000.0001,0.0001,1,bid
1514777970,1514777970,10000.2022,1.0E-5,1,ask
1514777985,1514777985,10000.0505,1.0E-6,1,bid
1514778000,1514778000,10000.0022,0.001,1,ask
1514778015,1514778015,10000.0001,0.0001,1,bid
1514778030,1514778030,10000.2022,1.0E-5,1,ask
1514778045,1514778045,10000.0505,1.0E-6,1,bid
1514778060,1514778060,10000.0022,0.001,1,ask
1514778075,1514778075,10000.0001,0.0001,1,bid
1514778090,1514778090,10000.2022,1.0E-5,1,ask
1514778105,1514778105,10000.0505,1.0E-6,1,bid
1514778120,1514778120,10000.0022,0.001,1,ask
1514778135,1514778135,10000.0001,0.0001,1,bid
1514778150,1514778150,10000.2022,1.0E-5,1,ask
1514778165,1514778165,10000.0505,1.0E-6,1,bid
1514778180,1514778180,10000.0022,0.001,1,ask
1514778195,1514778195,10000.0001,0.0001,1,bid
1514778210,1514778210,10000.2022,1.0E-5,1,ask
1514778225,1514778225,10000.0505,1.0E-6,1,bid
1514778240,1514778240,10000.0022,0.001,1,ask
1514778255,1514778255,10000.0001,0.0001,1,bid
1514778270,1514778270,10000.2022,1.0E-5,1,ask
1514778285,1514778285,10000.0505,1.0E-6,1,bid
1514778300,1514778300,10000.0022,0.001,1,ask
1514778315,1514778315,10000.0001,0.0001,1,bid
1514778330,1514778330,10000.2022,1.0E-5,1,ask
1514778345,1514778345,10000.0505,1.0E-6,1,bid
1514778360,1514778360,10000.0022,0.001,1,ask
1514778375,1514778375,10000.0001,0.0001,1,bid
1514778390,1514778390,10000.2022,1.0E-5,1,ask
1514778405,1514778405,10000.0505,1.0E-6,1,bid
1514778420,1514778420,10000.0022,0.001,1,ask
1514778435,1514778435,10000.0001,0.0001,1,bid
1514778450,1514778450,10000.2022,1.0E-5,1,ask
1514778465,1514778465,10000.0505,1.0E-6,1,bid
1514778480,1514778480,10000.0022,0.001,1,ask
1514778495,1514778495,10000.0001,0.0001,1,bid
1514778510,1514778510,10000.2022,1.0E-5,1,ask
1514778525,1514778525,10000.0505,1.0E-6,1,bid
1514778540,1514778540,10000.0022,0.001,1,ask
1514778555,1514778555,10000.0001,0.0001,1,bid
1514778570,1514778570,10000.2022,1.0E-5,1,ask
1514778585,1514778585,10000.0505,1.0E-6,1,bid
1514778600,1514778600,10000.0022,0.001,1,ask
1514778615,1514778615,10000.0001,0.0001,1,bid
1514778630,1514778630,10000.2022,1.0E-5,1,ask
1514778645,1514778645,10000.0505,1.0E-6,1,bid
1514778660,1514778660,10000.0022,0.001,1,ask
1514778675,1514778675,10000.0001,0.0001,1,bid
1514778690,1514778690,10000.2022,1.0E-5,1,ask
1514778705,1514778705,10000.0505,1.0E-6,1,bid
1514778720,1514778720,10000.0022,0.001,1,ask
1514778735,1514778735,10000.0001,0.0001,1,bid
1514778750,1514778750,10000.2022,1.0E-5,1,ask
1514778765,1514778765,10000.0505,1.0E-6,1,bid
1514778780,1514778780,10000.0022,0.001,1,ask
1514778795,1514778795,10000.0001,0.0001,1,bid
1514778810,1514778810,10000.2022,1.0E-5,1,ask
1514778825,1514778825,10000.0505,1.0E-6,1,bid
1514778840,1514778840,10000.0022,0.001,1,ask
1514778855,1514778855,10000.0001,0.0001,1,bid
1514778870,1514778870,10000.2022,1.0E-5,1,ask
1514778885,1514778885,10000.0505,1.0E-6,1,bid
1514778900,1514778900,10000.0022,0.001,1,ask
1514778915,1514778915,10000.0001,0.0001,1,bid
1514778930,1514778930,10000.2022,1.0E-5,1,ask
1514778945,1514778945,10000.0505,1.0E-6,1,bid
1514778960,1514778960,10000.0022,0.001,1,ask
1514778975,1514778975,10000.0001,0.0001,1,bid
1514778990,1514778990,10000.2022,1.0E-5,1,ask
1514779005,1514779005,10000.0505,1.0E-6,1,bid
1514779020,1514779020,10000.0022,0.001,1,ask
1514779035,1514779035,10000.0001,0.0001,1,bid
1514779050,1514779050,10000.2022,1.0E-5,1,ask
1514779065,1514779065,10000.0505,1.0E-6,1,bid
1514779080,1514779080,10000.0022,0.001,1,ask
1514779095,1514779095,10000.0001,0.0001,1,bid
1514779110,1514779110,10000.2022,1.0E-5,1,ask
1514779125,1514779125,10000.0505,1.0E-6,1,bid
1514779140,1514779140,10000.0022,0.001,1,ask
1514779155,1514779155,10000.0001,0.0001,1,bid
1514779170,1514779170,10000.2022,1.0E-5,1,ask
1514779185,1514779185,10000.0505,1.0E-6,1,bid
1514779200,1514779200,10000.0022,0.001,1,ask
1514779215,1514779215,10000.0001,0.0001,1,bid
1514779230,1514779230,10000.2022,1.0E-5,1,ask
1514779245,1514779245,10000.0505,1.0E-6,1,bid
1514779260,1514779260,10000.0022,0.001,1,ask
1514779275,1514779275,10000.0001,0.0001,1,bid
1514779290,1514779290,10000.2022,1.0E-5,1,ask
1514779305,1514779305,10000.0505,1.0E-6,1,bid
1514779320,1514779320,10000.0022,0.001,1,ask
1514779335,1514779335,10000.0001,0.0001,1,bid
1514779350,1514779350,10000.2022,1.0E-5,1,ask
1514779365,1514779365,10000.0505,1.0E-6,1,bid
1514779380,1514779380,10000.0022,0.001,1,ask
1514779395,1514779395,10000.0001,0.0001,1,bid
1514779410,1514779410,10000.2022,1.0E-5,1,ask
1514779425,1514779425,10000.0505,1.0E-6,1,bid
1514779440,1514779440,10000.0022,0.001,1,ask
1514779455,1514779455,10000.0001,0.0001,1,bid
1514779470,1514779470,10000.2022,1.0E-5,1,ask
1514779485,1514779485,10000.0505,1.0E-6,1,bid
1514779500,1514779500,10000.0022,0.001,1,ask
1514779515,1514779515,10000.0001,0.0001,1,bid
1514779530,1514779530,10000.2022,1.0E-5,1,ask
1514779545,1514779545,10000.0505,1.0E-6,1,bid
1514779560,1514779560,10000.0022,0.001,1,ask
1514779575,1514779575,10000.0001,0.0001,1,bid
1514779590,1514779590,10000.2022,1.0E-5,1,ask
1514779605,1514779605,10000.0505,1.0E-6,1,bid
1514779620,1514779620,10000.0022,0.001,1,ask
1514779635,1514779635,10000.0001,0.0001,1,bid
1514779650,1514779650,10000.2022,1.0E-5,1,ask
1514779665,1514779665,10000.0505,1.0E-6,1,bid
1514779680,1514779680,10000.0022,0.001,1,ask
1514779695,1514779695,10000.0001,0.0001,1,bid
1514779710,1514779710,10000.2022,1.0E-5,1,ask
1514779725,1514779725,10000.0505,1.0E-6,1,bid
1514779740,1514779740,10000.0022,0.001,1,ask
1514779755,1514779755,10000.0001,0.0001,1,bid
1514779770,1514779770,10000.2022,1.0E-5,1,ask
1514779785,1514779785,10000.0505,1.0E-6,1,bid
1514779800,1514779800,10000.0022,0.001,1,ask
1514779815,1514779815,10000.0001,0.0001,1,bid
1514779830,1514779830,10000.2022,1.0E-5,1,ask
1514779845,1514779845,10000.0505,1.0E-6,1,bid
1514779860,1514779860,10000.0022,0.001,1,ask
1514779875,1514779875,10000.0001,0.0001,1,bid
1514779890,1514779890,10000.2022,1.0E-5,1,ask
1514779905,1514779905,10000.0505,1.0E-6,1,bid
1514779920,1514779920,10000.0022,0.001,1,ask
1514779935,1514779935,10000.0001,0.0001,1,bid
1514779950,1514779950,10000.2022,1.0E-5,1,ask
1514779965,1514779965,10000.0505,1.0E-6,1,bid
1514779980,1514779980,10000.0022,0.001,1,ask
1514779995,1514779995,10000.0001,0.0001,1,bid
1514780010,1514780010,10000.2022,1.0E-5,1,ask
1514780025,1514780025,10000.0505,1.0E-6,1,bid
1514780040,1514780040,10000.0022,0.001,1,ask
1514780055,1514780055,10000.0001,0.0001,1,bid
1514780070,1514780070,10000.2022,1.0E-5,1,ask
1514780085,1514780085,10000.0505,1.0E-6,1,bid
1514780100,1514780100,10000.0022,0.001,1,ask
1514780115,1514780115,10000.0001,0.0001,1,bid
1514780130,1514780130,10000.2022,1.0E-5,1,ask
1514780145,1514780145,10000.0505,1.0E-6,1,bid
1514780160,1514780160,10000.0022,0.001,1,ask
1514780175,1514780175,10000.0001,0.0001,1,bid
1514780190,1514780190,10000.2022,1.0E-5,1,ask
1514780205,1514780205,10000.0505,1.0E-6,1,bid
1514780220,1514780220,10000.0022,0.001,1,ask
1514780235,1514780235,10000.0001,0.0001,1,bid
1514780250,1514780250,10000.2022,1.0E-5,1,ask
1514780265,1514780265,10000.0505,1.0E-6,1,bid
1514780280,1514780280,10000.0022,0.001,1,ask
1514780295,1514780295,10000.0001,0.0001,1,bid
1514780310,1514780310,10000.2022,1.0E-5,1,ask
1514780325,1514780325,10000.0505,1.0E-6,1,bid
1514780340,1514780340,10000.0022,0.001,1,ask
1514780355,1514780355,10000.0001,0.0001,1,bid
1514780370,1514780370,10000.2022,1.0E-5,1,ask
1514780385,1514780385,10000.0505,1.0E-6,1,bid
1514780400,1514780400,10000.0022,0.001,1,ask
1514780415,1514780415,10000.0001,0.0001,1,bid
1514780430,1514780430,10000.2022,1.0E-5,1,ask
1514780445,1514780445,10000.0505,1.0E-6,1,bid
1514780460,1514780460,10000.0022,0.001,1,ask
1514780475,1514780475,10000.0001,0.0001,1,bid
1514780490,1514780490,10000.2022,1.0E-5,1,ask
1514780505,1514780505,10000.0505,1.0E-6,1,bid
1514780520,1514780520,10000.0022,0.001,1,ask
1514780535,1514780535,10000.0001,0.0001,1,bid
1514780550,1514780550,10000.2022,1.0E-5,1,ask
1514780565,1514780565,10000.0505,1.0E-6,1,bid
1514780580,1514780580,10000.0022,0.001,1,ask
1514780595,1514780595,10000.0001,0.0001,1,bid
1514780610,1514780610,10000.2022,1.0E-5,1,ask
1514780625,1514780625,10000.0505,1.0E-6,1,bid
1514780640,1514780640,10000.0022,0.001,1,ask
1514780655,1514780655,10000.0001,0.0001,1,bid
1514780670,1514780670,10000.2022,1.0E-5,1,ask
1514780685,1514780685,10000.0505,1.0E-6,1,bid
1514780700,1514780700,10000.0022,0.001,1,ask
1514780715,1514780715,10000.0001,0.0001,1,bid
1514780730,1514780730,10000.2022,1.0E-5,1,ask
1514780745,1514780745,10000.0505,1.0E-6,1,bid
1514780760,1514780760,10000.0022,0.001,1,ask
1514780775,1514780775,10000.0001,0.0001,1,bid
1514780790,1514780790,10000.2022,1.0E-5,1,ask
1514780805,1514780805,10000.0505,1.0E-6,1,bid
1514780820,1514780820,10000.0022,0.001,1,ask
1514780835,1514780835,10000.0001,0.0001,1,bid
1514780850,1514780850,10000.2022,1.0E-5,1,ask
1514780865,1514780865,10000.0505,1.0E-6,1,bid
1514780880,1514780880,10000.0022,0.001,1,ask
1514780895,1514780895,10000.0001,0.0001,1,bid
1514780910,1514780910,10000.2022,1.0E-5,1,ask
1514780925,1514780925,10000.0505,1.0E-6,1,bid
1514780940,1514780940,10000.0022,0.001,1,ask
1514780955,1514780955,10000.0001,0.0001,1,bid
1514780970,1514780970,10000.2022,1.0E-5,1,ask
1514780985,1514780985,10000.0505,1.0E-6,1,bid
1514781000,1514781000,10000.0022,0.001,1,ask
1514781015,1514781015,10000.0001,0.0001,1,bid
1514781030,1514781030,10000.2022,1.0E-5,1,ask
1514781045,1514781045,10000.0505,1.0E-6,1,bid
1514781060,1514781060,10000.0022,0.001,1,ask
1514781075,1514781075,10000.0001,0.0001,1,bid
1514781090,1514781090,10000.2022,1.0E-5,1,ask
1514781105,1514781105,10000.0505,1.0E-6,1,bid
1514781120,1514781120,10000.0022,0.001,1,ask
1514781135,1514781135,10000.0001,0.0001,1,bid
1514781150,1514781150,10000.2022,1.0E-5,1,ask
1514781165,1514781165,10000.0505,1.0E-6,1,bid
1514781180,1514781180,10000.0022,0.001,1,ask
1514781195,1514781195,10000.0001,0.0001,1,bid
1514781210,1514781210,10000.2022,1.0E-5,1,ask
1514781225,1514781225,10000.0505,1.0E-6,1,bid
1514781240,1514781240,10000.0022,0.001,1,ask
1514781255,1514781255,10000.0001,0.0001,1,bid
1514781270,1514781270,10000.2022,1.0E-5,1,ask
1514781285,1514781285,10000.0505,1.0E-6,1,bid
1514781300,1514781300,10000.0022,0.001,1,ask
1514781315,1514781315,10000.0001,0.0001,1,bid
1514781330,1514781330,10000.2022,1.0E-5,1,ask
1514781345,1514781345,10000.0505,1.0E-6,1,bid
1514781360,1514781360,10000.0022,0.001,1,ask
1514781375,1514781375,10000.0001,0.0001,1,bid
1514781390,1514781390,10000.2022,1.0E-5,1,ask
1514781405,1514781405,10000.0505,1.0E-6,1,bid
1514781420,1514781420,10000.0022,0.001,1,ask
1514781435,1514781435,10000.0001,0.0001,1,bid
1514781450,1514781450,10000.2022,1.0E-5,1,ask
1514781465,1514781465,10000.0505,1.0E-6,1,bid
1514781480,1514781480,10000.0022,0.001,1,ask
1514781495,1514781495,10000.0001,0.0001,1,bid
1514781510,1514781510,10000.2022,1.0E-5,1,ask
1514781525,1514781525,10000.0505,1.0E-6,1,bid
1514781540,1514781540,10000.0022,0.001,1,ask
1514781555,1514781555,10000.0001,0.0001,1,bid
1514781570,1514781570,10000.2022,1.0E-5,1,ask
1514781585,1514781585,10000.0505,1.0E-6,1,bid
1514781600,1514781600,10000.0022,0.001,1,ask
1514781615,1514781615,10000.0001,0.0001,1,bid
1514781630,1514781630,10000.2022,1.0E-5,1,ask
1514781645,1514781645,10000.0505,1.0E-6,1,bid
1514781660,1514781660,10000.0022,0.001,1,ask
1514781675,1514781675,10000.0001,0.0001,1,bid
1514781690,1514781690,10000.2022,1.0E-5,1,ask
1514781705,1514781705,10000.0505,1.0E-6,1,bid
1514781720,1514781720,10000.0022,0.001,1,ask
1514781735,1514781735,10000.0001,0.0001,1,bid
1514781750,1514781750,10000.2022,1.0E-5,1,ask
1514781765,1514781765,10000.0505,1.0E-6,1,bid
1514781780,1514781780,10000.0022,0.001,1,ask
1514781795,1514781795,10000.0001,0.0001,1,bid
1514781810,1514781810,10000.2022,1.0E-5,1,ask
1514781825,1514781825,10000.0505,1.0E-6,1,bid
1514781840,1514781840,10000.0022,0.001,1,ask
1514781855,1514781855,10000.0001,0.0001,1,bid
1514781870,1514781870,10000.2022,1.0E-5,1,ask
1514781885,1514781885,10000.0505,1.0E-6,1,bid
1514781900,1514781900,10000.0022,0.001,1,ask
1514781915,1514781915,10000.0001,0.0001,1,bid
1514781930,1514781930,10000.2022,1.0E-5,1,ask
1514781945,1514781945,10000.0505,1.0E-6,1,bid
1514781960,1514781960,10000.0022,0.001,1,ask
1514781975,1514781975,10000.0001,0.0001,1,bid
1514781990,1514781990,10000.2022,1.0E-5,1,ask
1514782005,1514782005,10000.0505,1.0E-6,1,bid
1514782020,1514782020,10000.0022,0.001,1,ask
1514782035,1514782035,10000.0001,0.0001,1,bid
1514782050,1514782050,10000.2022,1.0E-5,1,ask
1514782065,1514782065,10000.0505,1.0E-6,1,bid
1514782080,1514782080,10000.0022,0.001,1,ask
1514782095,1514782095,10000.0001,0.0001,1,bid
1514782110,1514782110,10000.2022,1.0E-5,1,ask
1514782125,1514782125,10000.0505,1.0E-6,1,bid
1514782140,1514782140,10000.0022,0.001,1,ask
1514782155,1514782155,10000.0001,0.0001,1,bid
1514782170,1514782170,10000.2022,1.0E-5,1,ask
1514782185,1514782185,10000.0505,1.0E-6,1,bid
1514782200,1514782200,10000.0022,0.001,1,ask
1514782215,1514782215,10000.0001,0.0001,1,bid
1514782230,1514782230,10000.2022,1.0E-5,1,ask
1514782245,1514782245,10000.0505,1.0E-6,1,bid
1514782260,1514782260,10000.0022,0.001,1,ask
1514782275,1514782275,10000.0001,0.0001,1,bid
1514782290,1514782290,10000.2022,1.0E-5,1,ask
1514782305,1514782305,10000.0505,1.0E-6,1,bid
1514782320,1514782320,10000.0022,0.001,1,ask
1514782335,1514782335,10000.0001,0.0001,1,bid
1514782350,1514782350,10000.2022,1.0E-5,1,ask
1514782365,1514782365,10000.0505,1.0E-6,1,bid
1514782380,1514782380,10000.0022,0.001,1,ask
1514782395,1514782395,10000.0001,0.0001,1,bid
1514782410,1514782410,10000.2022,1.0E-5,1,ask
1514782425,1514782425,10000.0505,1.0E-6,1,bid
1514782440,1514782440,10000.0022,0.001,1,ask
1514782455,1514782455,10000.0001,0.0001,1,bid
1514782470,1514782470,10000.2022,1.0E-5,1,ask
1514782485,1514782485,10000.0505,1.0E-6,1,bid
1514782500,1514782500,10000.0022,0.001,1,ask
1514782515,1514782515,10000.0001,0.0001,1,bid
1514782530,1514782530,10000.2022,1.0E-5,1,ask
1514782545,1514782545,10000.0505,1.0E-6,1,bid
1514782560,1514782560,10000.0022,0.001,1,ask
1514782575,1514782575,10000.0001,0.0001,1,bid
1514782590,1514782590,10000.2022,1.0E-5,1,ask
1514782605,1514782605,10000.0505,1.0E-6,1,bid
1514782620,1514782620,10000.0022,0.001,1,ask
1514782635,1514782635,10000.0001,0.0001,1,bid
1514782650,1514782650,10000.2022,1.0E-5,1,ask
1514782665,1514782665,10000.0505,1.0E-6,1,bid
1514782680,1514782680,10000.0022,0.001,1,ask
1514782695,1514782695,10000.0001,0.0001,1,bid
1514782710,1514782710,10000.2022,1.0E-5,1,ask
1514782725,1514782725,10000.0505,1.0E-6,1,bid
1514782740,1514782740,10000.0022,0.001,1,ask
1514782755,1514782755,10000.0001,0.0001,1,bid
1514782770,1514782770,10000.2022,1.0E-5,1,ask
1514782785,1514782785,10000.0505,1.0E-6,1,bid
1514782800,1514782800,10000.0022,0.001,1,ask
1514782815,1514782815,10000.0001,0.0001,1,bid
1514782830,1514782830,10000.2022,1.0E-5,1,ask
1514782845,1514782845,10000.0505,1.0E-6,1,bid
1514782860,1514782860,10000.0022,0.001,1,ask
1514782875,1514782875,10000.0001,0.0001,1,bid
1514782890,1514782890,10000.2022,1.0E-5,1,ask
1514782905,1514782905,10000.0505,1.0E-6,1,bid
1514782920,1514782920,10000.0022,0.001,1,ask
1514782935,1514782935,10000.0001,0.0001,1,bid
1514782950,1514782950,10000.2022,1.0E-5,1,ask
1514782965,1514782965,10000.0505,1.0E-6,1,bid
1514782980,1514782980,10000.0022,0.001,1,ask
1514782995,1514782995,10000.0001,0.0001,1,bid
1514783010,1514783010,10000.2022,1.0E-5,1,ask
1514783025,1514783025,10000.0505,1.0E-6,1,bid
1514783040,1514783040,10000.0022,0.001,1,ask
1514783055,1514783055,10000.0001,0.0001,1,bid
1514783070,1514783070,10000.2022,1.0E-5,1,ask
1514783085,1514783085,10000.0505,1.0E-6,1,bid
1514783100,1514783100,10000.0022,0.001,1,ask
1514783115,1514783115,10000.0001,0.0001,1,bid
1514783130,1514783130,10000.2022,1.0E-5,1,ask
1514783145,1514783145,10000.0505,1.0E-6,1,bid
1514783160,1514783160,10000.0022,0.001,1,ask
1514783175,1514783175,10000.0001,0.0001,1,bid
1514783190,1514783190,10000.2022,1.0E-5,1,ask
1514783205,1514783205,10000.0505,1.0E-6,1,bid
1514783220,1514783220,10000.0022,0.001,1,ask
1514783235,1514783235,10000.0001,0.0001,1,bid
1514783250,1514783250,10000.2022,1.0E-5,1,ask
1514783265,1514783265,10000.0505,1.0E-6,1,bid
1514783280,1514783280,10000.0022,0.001,1,ask
1514783295,1514783295,10000.0001,0.0001,1,bid
1514783310,1514783310,10000.2022,1.0E-5,1,ask
1514783325,1514783325,10000.0505,1.0E-6,1,bid
1514783340,1514783340,10000.0022,0.001,1,ask
1514783355,1514783355,10000.0001,0.0001,1,bid
1514783370,1514783370,10000.2022,1.0E-5,1,ask
1514783385,1514783385,10000.0505,1.0E-6,1,bid
1514783400,1514783400,10000.0022,0.001,1,ask
1514783415,1514783415,10000.0001,0.0001,1,bid
1514783430,1514783430,10000.2022,1.0E-5,1,ask
1514783445,1514783445,10000.0505,1.0E-6,1,bid
1514783460,1514783460,10000.0022,0.001,1,ask
1514783475,1514783475,10000.0001,0.0001,1,bid
1514783490,1514783490,10000.2022,1.0E-5,1,ask
1514783505,1514783505,10000.0505,1.0E-6,1,bid
1514783520,1514783520,10000.0022,0.001,1,ask
1514783535,1514783535,10000.0001,0.0001,1,bid
1514783550,1514783550,10000.2022,1.0E-5,1,ask
1514783565,1514783565,10000.0505,1.0E-6,1,bid
1514783580,1514783580,10000.0022,0.001,1,ask
1514783595,1514783595,10000.0001,0.0001,1,bid
1514783610,1514783610,10000.2022,1.0E-5,1,ask
1514783625,1514783625,10000.0505,1.0E-6,1,bid
1514783640,1514783640,10000.0022,0.001,1,ask
1514783655,1514783655,10000.0001,0.0001,1,bid
1514783670,1514783670,10000.2022,1.0E-5,1,ask
1514783685,1514783685,10000.0505,1.0E-6,1,bid
1514783700,1514783700,10000.0022,0.001,1,ask
1514783715,1514783715,10000.0001,0.0001,1,bid
1514783730,1514783730,10000.2022,1.0E-5,1,ask
1514783745,1514783745,10000.0505,1.0E-6,1,bid
1514783760,1514783760,10000.0022,0.001,1,ask
1514783775,1514783775,10000.0001,0.0001,1,bid
1514783790,1514783790,10000.2022,1.0E-5,1,ask
1514783805,1514783805,10000.0505,1.0E-6,1,bid
1514783820,1514783820,10000.0022,0.001,1,ask
1514783835,1514783835,10000.0001,0.0001,1,bid
1514783850,1514783850,10000.2022,1.0E-5,1,ask
1514783865,1514783865,10000.0505,1.0E-6,1,bid
1514783880,1514783880,10000.0022,0.001,1,ask
1514783895,1514783895,10000.0001,0.0001,1,bid
1514783910,1514783910,10000.2022,1.0E-5,1,ask
1514783925,1514783925,10000.0505,1.0E-6,1,bid
1514783940,1514783940,10000.0022,0.001,1,ask
1514783955,1514783955,10000.0001,0.0001,1,bid
1514783970,1514783970,10000.2022,1.0E-5,1,ask
1514783985,1514783985,10000.0505,1.0E-6,1,bid
1514784000,1514784000,10000.0022,0.001,1,ask
1514784015,1514784015,10000.0001,0.0001,1,bid
1514784030,1514784030,10000.2022,1.0E-5,1,ask
1514784045,1514784045,10000.0505,1.0E-6,1,bid
1514784060,1514784060,10000.0022,0.001,1,ask
1514784075,1514784075,10000.0001,0.0001,1,bid
1514784090,1514784090,10000.2022,1.0E-5,1,ask
1514784105,1514784105,10000.0505,1.0E-6,1,bid
1514784120,1514784120,10000.0022,0.001,1,ask
1514784135,1514784135,10000.0001,0.0001,1,bid
1514784150,1514784150,10000.2022,1.0E-5,1,ask
1514784165,1514784165,10000.0505,1.0E-6,1,bid
1514784180,1514784180,10000.0022,0.001,1,ask
1514784195,1514784195,10000.0001,0.0001,1,bid
1514784210,1514784210,10000.2022,1.0E-5,1,ask
1514784225,1514784225,10000.0505,1.0E-6,1,bid
1514784240,1514784240,10000.0022,0.001,1,ask
1514784255,1514784255,10000.0001,0.0001,1,bid
1514784270,1514784270,10000.2022,1.0E-5,1,ask
1514784285,1514784285,10000.0505,1.0E-6,1,bid
1514784300,1514784300,10000.0022,0.001,1,ask
1514784315,1514784315,10000.0001,0.0001,1,bid
1514784330,1514784330,10000.2022,1.0E-5,1,ask
1514784345,1514784345,10000.0505,1.0E-6,1,bid
1514784360,1514784360,10000.0022,0.001,1,ask
1514784375,1514784375,10000.0001,0.0001,1,bid
1514784390,1514784390,10000.2022,1.0E-5,1,ask
1514784405,1514784405,10000.0505,1.0E-6,1,bid
1514784420,1514784420,10000.0022,0.001,1,ask
1514784435,1514784435,10000.0001,0.0001,1,bid
1514784450,1514784450,10000.2022,1.0E-5,1,ask
1514784465,1514784465,10000.0505,1.0E-6,1,bid
1514784480,1514784480,10000.0022,0.001,1,ask
1514784495,1514784495,10000.0001,0.0001,1,bid
1514784510,1514784510,10000.2022,1.0E-5,1,ask
1514784525,1514784525,10000.0505,1.0E-6,1,bid
1514784540,1514784540,10000.0022,0.001,1,ask
1514784555,1514784555,10000.0001,0.0001,1,bid
1514784570,1514784570,10000.2022,1.0E-5,1,ask
1514784585,1514784585,10000.0505,1.0E-6,1,bid
1514784600,1514784600,10000.0022,0.001,1,ask
1514784615,1514784615,10000.0001,0.0001,1,bid
1514784630,1514784630,10000.2022,1.0E-5,1,ask
1514784645,1514784645,10000.0505,1.0E-6,1,bid
1514784660,1514784660,10000.0022,0.001,1,ask
1514784675,1514784675,10000.0001,0.0001,1,bid
1514784690,1514784690,10000.2022,1.0E-5,1,ask
1514784705,1514784705,10000.0505,1.0E-6,1,bid
1514784720,1514784720,10000.0022,0.001,1,ask
1514784735,1514784735,10000.0001,0.0001,1,bid
1514784750,1514784750,10000.2022,1.0E-5,1,ask
1514784765,1514784765,10000.0505,1.0E-6,1,bid
1514784780,1514784780,10000.0022,0.001,1,ask
1514784795,1514784795,10000.0001,0.0001,1,bid
1514784810,1514784810,10000.2022,1.0E-5,1,ask
1514784825,1514784825,10000.0505,1.0E-6,1,bid
1514784840,1514784840,10000.0022,0.001,1,ask
1514784855,1514784855,10000.0001,0.0001,1,bid
1514784870,1514784870,10000.2022,1.0E-5,1,ask
1514784885,1514784885,10000.0505,1.0E-6,1,bid
1514784900,1514784900,10000.0022,0.001,1,ask
1514784915,1514784915,10000.0001,0.0001,1,bid
1514784930,1514784930,10000.2022,1.0E-5,1,ask
1514784945,1514784945,10000.0505,1.0E-6,1,bid
1514784960,1514784960,10000.0022,0.001,1,ask
1514784975,1514784975,10000.0001,0.0001,1,bid
1514784990,1514784990,10000.2022,1.0E-5,1,ask
1514785005,1514785005,10000.0505,1.0E-6,1,bid
1514785020,1514785020,10000.0022,0.001,1,ask
1514785035,1514785035,10000.0001,0.0001,1,bid
1514785050,1514785050,10000.2022,1.0E-5,1,ask
1514785065,1514785065,10000.0505,1.0E-6,1,bid
1514785080,1514785080,10000.0022,0.001,1,ask
1514785095,1514785095,10000.0001,0.0001,1,bid
1514785110,1514785110,10000.2022,1.0E-5,1,ask
1514785125,1514785125,10000.0505,1.0E-6,1,bid
1514785140,1514785140,10000.0022,0.001,1,ask
1514785155,1514785155,10000.0001,0.0001,1,bid
1514785170,1514785170,10000.2022,1.0E-5,1,ask
1514785185,1514785185,10000.0505,1.0E-6,1,bid
1514785200,1514785200,10000.0022,0.001,1,ask
1514785215,1514785215,10000.0001,0.0001,1,bid
1514785230,1514785230,10000.2022,1.0E-5,1,ask
1514785245,1514785245,10000.0505,1.0E-6,1,bid
1514785260,1514785260,10000.0022,0.001,1,ask
1514785275,1514785275,10000.0001,0.0001,1,bid
1514785290,1514785290,10000.2022,1.0E-5,1,ask
1514785305,1514785305,10000.0505,1.0E-6,1,bid
1514785320,1514785320,10000.0022,0.001,1,ask
1514785335,1514785335,10000.0001,0.0001,1,bid
1514785350,1514785350,10000.2022,1.0E-5,1,ask
1514785365,1514785365,10000.0505,1.0E-6,1,bid
1514785380,1514785380,10000.0022,0.001,1,ask
1514785395,1514785395,10000.0001,0.0001,1,bid
1514785410,1514785410,10000.2022,1.0E-5,1,ask
1514785425,1514785425,10000.0505,1.0E-6,1,bid
1514785440,1514785440,10000.0022,0.001,1,ask
1514785455,1514785455,10000.0001,0.0001,1,bid
1514785470,1514785470,10000.2022,1.0E-5,1,ask
1514785485,1514785485,10000.0505,1.0E-6,1,bid
1514785500,1514785500,10000.0022,0.001,1,ask
1514785515,1514785515,10000.0001,0.0001,1,bid
1514785530,1514785530,10000.2022,1.0E-5,1,ask
1514785545,1514785545,10000.0505,1.0E-6,1,bid
1514785560,1514785560,10000.0022,0.001,1,ask
1514785575,1514785575,10000.0001,0.0001,1,bid
1514785590,1514785590,10000.2022,1.0E-5,1,ask
1514785605,1514785605,10000.0505,1.0E-6,1,bid
1514785620,1514785620,10000.0022,0.001,1,ask
1514785635,1514785635,10000.0001,0.0001,1,bid
1514785650,1514785650,10000.2022,1.0E-5,1,ask
1514785665,1514785665,10000.0505,1.0E-6,1,bid
1514785680,1514785680,10000.0022,0.001,1,ask
1514785695,1514785695,10000.0001,0.0001,1,bid
1514785710,1514785710,10000.2022,1.0E-5,1,ask
1514785725,1514785725,10000.0505,1.0E-6,1,bid
1514785740,1514785740,10000.0022,0.001,1,ask
1514785755,1514785755,10000.0001,0.0001,1,bid
1514785770,1514785770,10000.2022,1.0E-5,1,ask
1514785785,1514785785,10000.0505,1.0E-6,1,bid
1514785800,1514785800,10000.0022,0.001,1,ask
1514785815,1514785815,10000.0001,0.0001,1,bid
1514785830,1514785830,10000.2022,1.0E-5,1,ask
1514785845,1514785845,10000.0505,1.0E-6,1,bid
1514785860,1514785860,10000.0022,0.001,1,ask
1514785875,1514785875,10000.0001,0.0001,1,bid
1514785890,1514785890,10000.2022,1.0E-5,1,ask
1514785905,1514785905,10000.0505,1.0E-6,1,bid
1514785920,1514785920,10000.0022,0.001,1,ask
1514785935,1514785935,10000.0001,0.0001,1,bid
1514785950,1514785950,10000.2022,1.0E-5,1,ask
1514785965,1514785965,10000.0505,1.0E-6,1,bid
1514785980,1514785980,10000.0022,0.001,1,ask
1514785995,1514785995,10000.0001,0.0001,1,bid
1514786010,1514786010,10000.2022,1.0E-5,1,ask
1514786025,1514786025,10000.0505,1.0E-6,1,bid
1514786040,1514786040,10000.0022,0.001,1,ask
1514786055,1514786055,10000.0001,0.0001,1,bid
1514786070,1514786070,10000.2022,1.0E-5,1,ask
1514786085,1514786085,10000.0505,1.0E-6,1,bid
1514786100,1514786100,10000.0022,0.001,1,ask
1514786115,1514786115,10000.0001,0.0001,1,bid
1514786130,1514786130,10000.2022,1.0E-5,1,ask
1514786145,1514786145,10000.0505,1.0E-6,1,bid
1514786160,1514786160,10000.0022,0.001,1,ask
1514786175,1514786175,10000.0001,0.0001,1,bid
1514786190,1514786190,10000.2022,1.0E-5,1,ask
1514786205,1514786205,10000.0505,1.0E-6,1,bid
1514786220,1514786220,10000.0022,0.001,1,ask
1514786235,1514786235,10000.0001,0.0001,1,bid
1514786250,1514786250,10000.2022,1.0E-5,1,ask
1514786265,1514786265,10000.0505,1.0E-6,1,bid
1514786280,1514786280,10000.0022,0.001,1,ask
1514786295,1514786295,10000.0001,0.0001,1,bid
1514786310,1514786310,10000.2022,1.0E-5,1,ask
1514786325,1514786325,10000.0505,1.0E-6,1,bid
1514786340,1514786340,10000.0022,0.001,1,ask
1514786355,1514786355,10000.0001,0.0001,1,bid
1514786370,1514786370,10000.2022,1.0E-5,1,ask
1514786385,1514786385,10000.0505,1.0E-6,1,bid
1514786400,1514786400,10000.0022,0.001,1,ask
1514786415,1514786415,10000.0001,0.0001,1,bid
1514786430,1514786430,10000.2022,1.0E-5,1,ask
1514786445,1514786445,10000.0505,1.0E-6,1,bid
1514786460,1514786460,10000.0022,0.001,1,ask
1514786475,1514786475,10000.0001,0.0001,1,bid
1514786490,1514786490,10000.2022,1.0E-5,1,ask
1514786505,1514786505,10000.0505,1.0E-6,1,bid
1514786520,1514786520,10000.0022,0.001,1,ask
1514786535,1514786535,10000.0001,0.0001,1,bid
1514786550,1514786550,10000.2022,1.0E-5,1,ask
1514786565,1514786565,10000.0505,1.0E-6,1,bid
1514786580,1514786580,10000.0022,0.001,1,ask
1514786595,1514786595,10000.0001,0.0001,1,bid
1514786610,1514786610,10000.2022,1.0E-5,1,ask
1514786625,1514786625,10000.0505,1.0E-6,1,bid
1514786640,1514786640,10000.0022,0.001,1,ask
1514786655,1514786655,10000.0001,0.0001,1,bid
1514786670,1514786670,10000.2022,1.0E-5,1,ask
1514786685,1514786685,10000.0505,1.0E-6,1,bid
1514786700,1514786700,10000.0022,0.001,1,ask
1514786715,1514786715,10000.0001,0.0001,1,bid
1514786730,1514786730,10000.2022,1.0E-5,1,ask
1514786745,1514786745,10000.0505,1.0E-6,1,bid
1514786760,1514786760,10000.0022,0.001,1,ask
1514786775,1514786775,10000.0001,0.0001,1,bid
1514786790,1514786790,10000.2022,1.0E-5,1,ask
1514786805,1514786805,10000.0505,1.0E-6,1,bid
1514786820,1514786820,10000.0022,0.001,1,ask
1514786835,1514786835,10000.0001,0.0001,1,bid
1514786850,1514786850,10000.2022,1.0E-5,1,ask
1514786865,1514786865,10000.0505,1.0E-6,1,bid
1514786880,1514786880,10000.0022,0.001,1,ask
1514786895,1514786895,10000.0001,0.0001,1,bid
1514786910,1514786910,10000.2022,1.0E-5,1,ask
1514786925,1514786925,10000.0505,1.0E-6,1,bid
1514786940,1514786940,10000.0022,0.001,1,ask
1514786955,1514786955,10000.0001,0.0001,1,bid
1514786970,1514786970,10000.2022,1.0E-5,1,ask
1514786985,1514786985,10000.0505,1.0E-6,1,bid
1514787000,1514787000,10000.0022,0.001,1,ask
1514787015,1514787015,10000.0001,0.0001,1,bid
1514787030,1514787030,10000.2022,1.0E-5,1,ask
1514787045,1514787045,10000.0505,1.0E-6,1,bid
1514787060,1514787060,10000.0022,0.001,1,ask
1514787075,1514787075,10000.0001,0.0001,1,bid
1514787090,1514787090,10000.2022,1.0E-5,1,ask
1514787105,1514787105,10000.0505,1.0E-6,1,bid
1514787120,1514787120,10000.0022,0.001,1,ask
1514787135,1514787135,10000.0001,0.0001,1,bid
1514787150,1514787150,10000.2022,1.0E-5,1,ask
1514787165,1514787165,10000.0505,1.0E-6,1,bid
1514787180,1514787180,10000.0022,0.001,1,ask
1514787195,1514787195,10000.0001,0.0001,1,bid
1514787210,1514787210,10000.2022,1.0E-5,1,ask
1514787225,1514787225,10000.0505,1.0E-6,1,bid
1514787240,1514787240,10000.0022,0.001,1,ask
1514787255,1514787255,10000.0001,0.0001,1,bid
1514787270,1514787270,10000.2022,1.0E-5,1,ask
1514787285,1514787285,10000.0505,1.0E-6,1,bid
1514787300,1514787300,10000.0022,0.001,1,ask
1514787315,1514787315,10000.0001,0.0001,1,bid
1514787330,1514787330,10000.2022,1.0E-5,1,ask
1514787345,1514787345,10000.0505,1.0E-6,1,bid
1514787360,1514787360,10000.0022,0.001,1,ask
1514787375,1514787375,10000.0001,0.0001,1,bid
1514787390,1514787390,10000.2022,1.0E-5,1,ask
1514787405,1514787405,10000.0505,1.0E-6,1,bid
1514787420,1514787420,10000.0022,0.001,1,ask
1514787435,1514787435,10000.0001,0.0001,1,bid
1514787450,1514787450,10000.2022,1.0E-5,1,ask
1514787465,1514787465,10000.0505,1.0E-6,1,bid
1514787480,1514787480,10000.0022,0.001,1,ask
1514787495,1514787495,10000.0001,0.0001,1,bid
1514787510,1514787510,10000.2022,1.0E-5,1,ask
1514787525,1514787525,10000.0505,1.0E-6,1,bid
1514787540,1514787540,10000.0022,0.001,1,ask
1514787555,1514787555,10000.0001,0.0001,1,bid
1514787570,1514787570,10000.2022,1.0E-5,1,ask
1514787585,1514787585,10000.0505,1.0E-6,1,bid
1514787600,1514787600,10000.0022,0.001,1,ask
1514787615,1514787615,10000.0001,0.0001,1,bid
1514787630,1514787630,10000.2022,1.0E-5,1,ask
1514787645,1514787645,10000.0505,1.0E-6,1,bid
1514787660,1514787660,10000.0022,0.001,1,ask
1514787675,1514787675,10000.0001,0.0001,1,bid
1514787690,1514787690,10000.2022,1.0E-5,1,ask
1514787705,1514787705,10000.0505,1.0E-6,1,bid
1514787720,1514787720,10000.0022,0.001,1,ask
1514787735,1514787735,10000.0001,0.0001,1,bid
1514787750,1514787750,10000.2022,1.0E-5,1,ask
1514787765,1514787765,10000.0505,1.0E-6,1,bid
1514787780,1514787780,10000.0022,0.001,1,ask
1514787795,1514787795,10000.0001,0.0001,1,bid
1514787810,1514787810,10000.2022,1.0E-5,1,ask
1514787825,1514787825,10000.0505,1.0E-6,1,bid
1514787840,1514787840,10000.0022,0.001,1,ask
1514787855,1514787855,10000.0001,0.0001,1,bid
1514787870,1514787870,10000.2022,1.0E-5,1,ask
1514787885,1514787885,10000.0505,1.0E-6,1,bid
1514787900,1514787900,10000.0022,0.001,1,ask
1514787915,1514787915,10000.0001,0.0001,1,bid
1514787930,1514787930,10000.2022,1.0E-5,1,ask
1514787945,1514787945,10000.0505,1.0E-6,1,bid
1514787960,1514787960,10000.0022,0.001,1,ask
1514787975,1514787975,10000.0001,0.0001,1,bid
1514787990,1514787990,10000.2022,1.0E-5,1,ask
1514788005,1514788005,10000.0505,1.0E-6,1,bid
1514788020,1514788020,10000.0022,0.001,1,ask
1514788035,1514788035,10000.0001,0.0001,1,bid
1514788050,1514788050,10000.2022,1.0E-5,1,ask
1514788065,1514788065,10000.0505,1.0E-6,1,bid
1514788080,1514788080,10000.0022,0.001,1,ask
1514788095,1514788095,10000.0001,0.0001,1,bid
1514788110,1514788110,10000.2022,1.0E-5,1,ask
1514788125,1514788125,10000.0505,1.0E-6,1,bid
1514788140,1514788140,10000.0022,0.001,1,ask
1514788155,1514788155,10000.0001,0.0001,1,bid
1514788170,1514788170,10000.2022,1.0E-5,1,ask
1514788185,1514788185,10000.0505,1.0E-6,1,bid
1514788200,1514788200,10000.0022,0.001,1,ask
1514788215,1514788215,10000.0001,0.0001,1,bid
1514788230,1514788230,10000.2022,1.0E-5,1,ask
1514788245,1514788245,10000.0505,1.0E-6,1,bid
1514788260,1514788260,10000.0022,0.001,1,ask
1514788275,1514788275,10000.0001,0.0001,1,bid
1514788290,1514788290,10000.2022,1.0E-5,1,ask
1514788305,1514788305,10000.0505,1.0E-6,1,bid
1514788320,1514788320,10000.0022,0.001,1,ask
1514788335,1514788335,10000.0001,0.0001,1,bid
1514788350,1514788350,10000.2022,1.0E-5,1,ask
1514788365,1514788365,10000.0505,1.0E-6,1,bid
1514788380,1514788380,10000.0022,0.001,1,ask
1514788395,1514788395,10000.0001,0.0001,1,bid
1514788410,1514788410,10000.2022,1.0E-5,1,ask
1514788425,1514788425,10000.0505,1.0E-6,1,bid
1514788440,1514788440,10000.0022,0.001,1,ask
1514788455,1514788455,10000.0001,0.0001,1,bid
1514788470,1514788470,10000.2022,1.0E-5,1,ask
1514788485,1514788485,10000.0505,1.0E-6,1,bid
1514788500,1514788500,10000.0022,0.001,1,ask
1514788515,1514788515,10000.0001,0.0001,1,bid
1514788530,1514788530,10000.2022,1.0E-5,1,ask
1514788545,1514788545,10000.0505,1.0E-6,1,bid
1514788560,1514788560,10000.0022,0.001,1,ask
1514788575,1514788575,10000.0001,0.0001,1,bid
1514788590,1514788590,10000.2022,1.0E-5,1,ask
1514788605,1514788605,10000.0505,1.0E-6,1,bid
1514788620,1514788620,10000.0022,0.001,1,ask
1514788635,1514788635,10000.0001,0.0001,1,bid
1514788650,1514788650,10000.2022,1.0E-5,1,ask
1514788665,1514788665,10000.0505,1.0E-6,1,bid
1514788680,1514788680,10000.0022,0.001,1,ask
1514788695,1514788695,10000.0001,0.0001,1,bid
1514788710,1514788710,10000.2022,1.0E-5,1,ask
1514788725,1514788725,10000.0505,1.0E-6,1,bid
1514788740,1514788740,10000.0022,0.001,1,ask
1514788755,1514788755,10000.0001,0.0001,1,bid
1514788770,1514788770,10000.2022,1.0E-5,1,ask
1514788785,1514788785,10000.0505,1.0E-6,1,bid
1514788800,1514788800,10000.0022,0.001,1,ask
1514788815,1514788815,10000.0001,0.0001,1,bid
1514788830,1514788830,10000.2022,1.0E-5,1,ask
1514788845,1514788845,10000.0505,1.0E-6,1,bid
1514788860,1514788860,10000.0022,0.001,1,ask
1514788875,1514788875,10000.0001,0.0001,1,bid
1514788890,1514788890,10000.2022,1.0E-5,1,ask
1514788905,1514788905,10000.0505,1.0E-6,1,bid
1514788920,1514788920,10000.0022,0.001,1,ask
1514788935,1514788935,10000.0001,0.0001,1,bid
1514788950,1514788950,10000.2022,1.0E-5,1,ask
1514788965,1514788965,10000.0505,1.0E-6,1,bid
1514788980,1514788980,10000.0022,0.001,1,ask
1514788995,1514788995,10000.0001,0.0001,1,bid
1514789010,1514789010,10000.2022,1.0E-5,1,ask
1514789025,1514789025,10000.0505,1.0E-6,1,bid
1514789040,1514789040,10000.0022,0.001,1,ask
1514789055,1514789055,10000.0001,0.0001,1,bid
1514789070,1514789070,10000.2022,1.0E-5,1,ask
1514789085,1514789085,10000.0505,1.0E-6,1,bid
1514789100,1514789100,10000.0022,0.001,1,ask
1514789115,1514789115,10000.0001,0.0001,1,bid
1514789130,1514789130,10000.2022,1.0E-5,1,ask
1514789145,1514789145,10000.0505,1.0E-6,1,bid
1514789160,1514789160,10000.0022,0.001,1,ask
1514789175,1514789175,10000.0001,0.0001,1,bid
1514789190,1514789190,10000.2022,1.0E-5,1,ask
1514789205,1514789205,10000.0505,1.0E-6,1,bid
1514789220,1514789220,10000.0022,0.001,1,ask
1514789235,1514789235,10000.0001,0.0001,1,bid
1514789250,1514789250,10000.2022,1.0E-5,1,ask
1514789265,1514789265,10000.0505,1.0E-6,1,bid
1514789280,1514789280,10000.0022,0.001,1,ask
1514789295,1514789295,10000.0001,0.0001,1,bid
1514789310,1514789310,10000.2022,1.0E-5,1,ask
1514789325,1514789325,10000.0505,1.0E-6,1,bid
1514789340,1514789340,10000.0022,0.001,1,ask
1514789355,1514789355,10000.0001,0.0001,1,bid
1514789370,1514789370,10000.2022,1.0E-5,1,ask
1514789385,1514789385,10000.0505,1.0E-6,1,bid
1514789400,1514789400,10000.0022,0.001,1,ask
1514789415,1514789415,10000.0001,0.0001,1,bid
1514789430,1514789430,10000.2022,1.0E-5,1,ask
1514789445,1514789445,10000.0505,1.0E-6,1,bid
1514789460,1514789460,10000.0022,0.001,1,ask
1514789475,1514789475,10000.0001,0.0001,1,bid
1514789490,1514789490,10000.2022,1.0E-5,1,ask
1514789505,1514789505,10000.0505,1.0E-6,1,bid
1514789520,1514789520,10000.0022,0.001,1,ask
1514789535,1514789535,10000.0001,0.0001,1,bid
1514789550,1514789550,10000.2022,1.0E-5,1,ask
1514789565,1514789565,10000.0505,1.0E-6,1,bid
1514789580,1514789580,10000.0022,0.001,1,ask
1514789595,1514789595,10000.0001,0.0001,1,bid
1514789610,1514789610,10000.2022,1.0E-5,1,ask
1514789625,1514789625,10000.0505,1.0E-6,1,bid
1514789640,1514789640,10000.0022,0.001,1,ask
1514789655,1514789655,10000.0001,0.0001,1,bid
1514789670,1514789670,10000.2022,1.0E-5,1,ask
1514789685,1514789685,10000.0505,1.0E-6,1,bid
1514789700,1514789700,10000.0022,0.001,1,ask
1514789715,1514789715,10000.0001,0.0001,1,bid
1514789730,1514789730,10000.2022,1.0E-5,1,ask
1514789745,1514789745,10000.0505,1.0E-6,1,bid
1514789760,1514789760,10000.0022,0.001,1,ask
1514789775,1514789775,10000.0001,0.0001,1,bid
1514789790,1514789790,10000.2022,1.0E-5,1,ask
1514789805,1514789805,10000.0505,1.0E-6,1,bid
1514789820,1514789820,10000.0022,0.001,1,ask
1514789835,1514789835,10000.0001,0.0001,1,bid
1514789850,1514789850,10000.2022,1.0E-5,1,ask
1514789865,1514789865,10000.0505,1.0E-6,1,bid
1514789880,1514789880,10000.0022,0.001,1,ask
1514789895,1514789895,10000.0001,0.0001,1,bid
1514789910,1514789910,10000.2022,1.0E-5,1,ask
1514789925,1514789925,10000.0505,1.0E-6,1,bid
1514789940,1514789940,10000.0022,0.001,1,ask
1514789955,1514789955,10000.0001,0.0001,1,bid
1514789970,1514789970,10000.2022,1.0E-5,1,ask
1514789985,1514789985,10000.0505,1.0E-6,1,bid
1514790000,1514790000,10000.0022,0.001,1,ask
1514790015,1514790015,10000.0001,0.0001,1,bid
1514790030,1514790030,10000.2022,1.0E-5,1,ask
1514790045,1514790045,10000.0505,1.0E-6,1,bid
1514790060,1514790060,10000.0022,0.001,1,ask
1514790075,1514790075,10000.0001,0.0001,1,bid
1514790090,1514790090,10000.2022,1.0E-5,1,ask
1514790105,1514790105,10000.0505,1.0E-6,1,bid
1514790120,1514790120,10000.0022,0.001,1,ask
1514790135,1514790135,10000.0001,0.0001,1,bid
1514790150,1514790150,10000.2022,1.0E-5,1,ask
1514790165,1514790165,10000.0505,1.0E-6,1,bid
1514790180,1514790180,10000.0022,0.001,1,ask
1514790195,1514790195,10000.0001,0.0001,1,bid
1514790210,1514790210,10000.2022,1.0E-5,1,ask
1514790225,1514790225,10000.0505,1.0E-6,1,bid
1514790240,1514790240,10000.0022,0.001,1,ask
1514790255,1514790255,10000.0001,0.0001,1,bid
1514790270,1514790270,10000.2022,1.0E-5,1,ask
1514790285,1514790285,10000.0505,1.0E-6,1,bid
1514790300,1514790300,10000.0022,0.001,1,ask
1514790315,1514790315,10000.0001,0.0001,1,bid
1514790330,1514790330,10000.2022,1.0E-5,1,ask
1514790345,1514790345,10000.0505,1.0E-6,1,bid
1514790360,1514790360,10000.0022,0.001,1,ask
1514790375,1514790375,10000.0001,0.0001,1,bid
1514790390,1514790390,10000.2022,1.0E-5,1,ask
1514790405,1514790405,10000.0505,1.0E-6,1,bid
1514790420,1514790420,10000.0022,0.001,1,ask
1514790435,1514790435,10000.0001,0.0001,1,bid
1514790450,1514790450,10000.2022,1.0E-5,1,ask
1514790465,1514790465,10000.0505,1.0E-6,1,bid
1514790480,1514790480,10000.0022,0.001,1,ask
1514790495,1514790495,10000.0001,0.0001,1,bid
1514790510,1514790510,10000.2022,1.0E-5,1,ask
1514790525,1514790525,10000.0505,1.0E-6,1,bid
1514790540,1514790540,10000.0022,0.001,1,ask
1514790555,1514790555,10000.0001,0.0001,1,bid
1514790570,1514790570,10000.2022,1.0E-5,1,ask
1514790585,1514790585,10000.0505,1.0E-6,1,bid
1514790600,1514790600,10000.0022,0.001,1,ask
1514790615,1514790615,10000.0001,0.0001,1,bid
1514790630,1514790630,10000.2022,1.0E-5,1,ask
1514790645,1514790645,10000.0505,1.0E-6,1,bid
1514790660,1514790660,10000.0022,0.001,1,ask
1514790675,1514790675,10000.0001,0.0001,1,bid
1514790690,1514790690,10000.2022,1.0E-5,1,ask
1514790705,1514790705,10000.0505,1.0E-6,1,bid
1514790720,1514790720,10000.0022,0.001,1,ask
1514790735,1514790735,10000.0001,0.0001,1,bid
1514790750,1514790750,10000.2022,1.0E-5,1,ask
1514790765,1514790765,10000.0505,1.0E-6,1,bid
1514790780,1514790780,10000.0022,0.001,1,ask
1514790795,1514790795,10000.0001,0.0001,1,bid
1514790810,1514790810,10000.2022,1.0E-5,1,ask
1514790825,1514790825,10000.0505,1.0E-6,1,bid
1514790840,1514790840,10000.0022,0.001,1,ask
1514790855,1514790855,10000.0001,0.0001,1,bid
1514790870,1514790870,10000.2022,1.0E-5,1,ask
1514790885,1514790885,10000.0505,1.0E-6,1,bid
1514790900,1514790900,10000.0022,0.001,1,ask
1514790915,1514790915,10000.0001,0.0001,1,bid
1514790930,1514790930,10000.2022,1.0E-5,1,ask
1514790945,1514790945,10000.0505,1.0E-6,1,bid
1514790960,1514790960,10000.0022,0.001,1,ask
1514790975,1514790975,10000.0001,0.0001,1,bid
1514790990,1514790990,10000.2022,1.0E-5,1,ask
1514791005,1514791005,10000.0505,1.0E-6,1,bid
1514791020,1514791020,10000.0022,0.001,1,ask
1514791035,1514791035,10000.0001,0.0001,1,bid
1514791050,1514791050,10000.2022,1.0E-5,1,ask
1514791065,1514791065,10000.0505,1.0E-6,1,bid
1514791080,1514791080,10000.0022,0.001,1,ask
1514791095,1514791095,10000.0001,0.0001,1,bid
1514791110,1514791110,10000.2022,1.0E-5,1,ask
1514791125,1514791125,10000.0505,1.0E-6,1,bid
1514791140,1514791140,10000.0022,0.001,1,ask
1514791155,1514791155,10000.0001,0.0001,1,bid
1514791170,1514791170,10000.2022,1.0E-5,1,ask
1514791185,1514791185,10000.0505,1.0E-6,1,bid
1514791200,1514791200,10000.0022,0.001,1,ask
1514791215,1514791215,10000.0001,0.0001,1,bid
1514791230,1514791230,10000.2022,1.0E-5,1,ask
1514791245,1514791245,10000.0505,1.0E-6,1,bid
1514791260,1514791260,10000.0022,0.001,1,ask
1514791275,1514791275,10000.0001,0.0001,1,bid
1514791290,1514791290,10000.2022,1.0E-5,1,ask
1514791305,1514791305,10000.0505,1.0E-6,1,bid
1514791320,1514791320,10000.0022,0.001,1,ask
1514791335,1514791335,10000.0001,0.0001,1,bid
1514791350,1514791350,10000.2022,1.0E-5,1,ask
1514791365,1514791365,10000.0505,1.0E-6,1,bid
1514791380,1514791380,10000.0022,0.001,1,ask
1514791395,1514791395,10000.0001,0.0001,1,bid
1514791410,1514791410,10000.2022,1.0E-5,1,ask
1514791425,1514791425,10000.0505,1.0E-6,1,bid
1514791440,1514791440,10000.0022,0.001,1,ask
1514791455,1514791455,10000.0001,0.0001,1,bid
1514791470,1514791470,10000.2022,1.0E-5,1,ask
1514791485,1514791485,10000.0505,1.0E-6,1,bid
1514791500,1514791500,10000.0022,0.001,1,ask
1514791515,1514791515,10000.0001,0.0001,1,bid
1514791530,1514791530,10000.2022,1.0E-5,1,ask
1514791545,1514791545,10000.0505,1.0E-6,1,bid
1514791560,1514791560,10000.0022,0.001,1,ask
1514791575,1514791575,10000.0001,0.0001,1,bid
1514791590,1514791590,10000.2022,1.0E-5,1,ask
1514791605,1514791605,10000.0505,1.0E-6,1,bid
1514791620,1514791620,10000.0022,0.001,1,ask
1514791635,1514791635,10000.0001,0.0001,1,bid
1514791650,1514791650,10000.2022,1.0E-5,1,ask
1514791665,1514791665,10000.0505,1.0E-6,1,bid
1514791680,1514791680,10000.0022,0.001,1,ask
1514791695,1514791695,10000.0001,0.0001,1,bid
1514791710,1514791710,10000.2022,1.0E-5,1,ask
1514791725,1514791725,10000.0505,1.0E-6,1,bid
1514791740,1514791740,10000.0022,0.001,1,ask
1514791755,1514791755,10000.0001,0.0001,1,bid
1514791770,1514791770,10000.2022,1.0E-5,1,ask
1514791785,1514791785,10000.0505,1.0E-6,1,bid
1514791800,1514791800,10000.0022,0.001,1,ask
1514791815,1514791815,10000.0001,0.0001,1,bid
1514791830,1514791830,10000.2022,1.0E-5,1,ask
1514791845,1514791845,10000.0505,1.0E-6,1,bid
1514791860,1514791860,10000.0022,0.001,1,ask
1514791875,1514791875,10000.0001,0.0001,1,bid
1514791890,1514791890,10000.2022,1.0E-5,1,ask
1514791905,1514791905,10000.0505,1.0E-6,1,bid
1514791920,1514791920,10000.0022,0.001,1,ask
1514791935,1514791935,10000.0001,0.0001,1,bid
1514791950,1514791950,10000.2022,1.0E-5,1,ask
1514791965,1514791965,10000.0505,1.0E-6,1,bid
1514791980,1514791980,10000.0022,0.001,1,ask
1514791995,1514791995,10000.0001,0.0001,1,bid
1514792010,1514792010,10000.2022,1.0E-5,1,ask
1514792025,1514792025,10000.0505,1.0E-6,1,bid
1514792040,1514792040,10000.0022,0.001,1,ask
1514792055,1514792055,10000.0001,0.0001,1,bid
1514792070,1514792070,10000.2022,1.0E-5,1,ask
1514792085,1514792085,10000.0505,1.0E-6,1,bid
1514792100,1514792100,10000.0022,0.001,1,ask
1514792115,1514792115,10000.0001,0.0001,1,bid
1514792130,1514792130,10000.2022,1.0E-5,1,ask
1514792145,1514792145,10000.0505,1.0E-6,1,bid
1514792160,1514792160,10000.0022,0.001,1,ask
1514792175,1514792175,10000.0001,0.0001,1,bid
1514792190,1514792190,10000.2022,1.0E-5,1,ask
1514792205,1514792205,10000.0505,1.0E-6,1,bid
1514792220,1514792220,10000.0022,0.001,1,ask
1514792235,1514792235,10000.0001,0.0001,1,bid
1514792250,1514792250,10000.2022,1.0E-5,1,ask
1514792265,1514792265,10000.0505,1.0E-6,1,bid
1514792280,1514792280,10000.0022,0.001,1,ask
1514792295,1514792295,10000.0001,0.0001,1,bid
1514792310,1514792310,10000.2022,1.0E-5,1,ask
1514792325,1514792325,10000.0505,1.0E-6,1,bid
1514792340,1514792340,10000.0022,0.001,1,ask
1514792355,1514792355,10000.0001,0.0001,1,bid
1514792370,1514792370,10000.2022,1.0E-5,1,ask
1514792385,1514792385,10000.0505,1.0E-6,1,bid
1514792400,1514792400,10000.0022,0.001,1,ask
1514792415,1514792415,10000.0001,0.0001,1,bid
1514792430,1514792430,10000.2022,1.0E-5,1,ask
1514792445,1514792445,10000.0505,1.0E-6,1,bid
1514792460,1514792460,10000.0022,0.001,1,ask
1514792475,1514792475,10000.0001,0.0001,1,bid
1514792490,1514792490,10000.2022,1.0E-5,1,ask
1514792505,1514792505,10000.0505,1.0E-6,1,bid
1514792520,1514792520,10000.0022,0.001,1,ask
1514792535,1514792535,10000.0001,0.0001,1,bid
1514792550,1514792550,10000.2022,1.0E-5,1,ask
1514792565,1514792565,10000.0505,1.0E-6,1,bid
1514792580,1514792580,10000.0022,0.001,1,ask
1514792595,1514792595,10000.0001,0.0001,1,bid
1514792610,1514792610,10000.2022,1.0E-5,1,ask
1514792625,1514792625,10000.0505,1.0E-6,1,bid
1514792640,1514792640,10000.0022,0.001,1,ask
1514792655,1514792655,10000.0001,0.0001,1,bid
1514792670,1514792670,10000.2022,1.0E-5,1,ask
1514792685,1514792685,10000.0505,1.0E-6,1,bid
1514792700,1514792700,10000.0022,0.001,1,ask
1514792715,1514792715,10000.0001,0.0001,1,bid
1514792730,1514792730,10000.2022,1.0E-5,1,ask
1514792745,1514792745,10000.0505,1.0E-6,1,bid
1514792760,1514792760,10000.0022,0.001,1,ask
1514792775,1514792775,10000.0001,0.0001,1,bid
1514792790,1514792790,10000.2022,1.0E-5,1,ask
1514792805,1514792805,10000.0505,1.0E-6,1,bid
1514792820,1514792820,10000.0022,0.001,1,ask
1514792835,1514792835,10000.0001,0.0001,1,bid
1514792850,1514792850,10000.2022,1.0E-5,1,ask
1514792865,1514792865,10000.0505,1.0E-6,1,bid
1514792880,1514792880,10000.0022,0.001,1,ask
1514792895,1514792895,10000.0001,0.0001,1,bid
1514792910,1514792910,10000.2022,1.0E-5,1,ask
1514792925,1514792925,10000.0505,1.0E-6,1,bid
1514792940,1514792940,10000.0022,0.001,1,ask
1514792955,1514792955,10000.0001,0.0001,1,bid
1514792970,1514792970,10000.2022,1.0E-5,1,ask
1514792985,1514792985,10000.0505,1.0E-6,1,bid
1514793000,1514793000,10000.0022,0.001,1,ask
1514793015,1514793015,10000.0001,0.0001,1,bid
1514793030,1514793030,10000.2022,1.0E-5,1,ask
1514793045,1514793045,10000.0505,1.0E-6,1,bid
1514793060,1514793060,10000.0022,0.001,1,ask
1514793075,1514793075,10000.0001,0.0001,1,bid
1514793090,1514793090,10000.2022,1.0E-5,1,ask
1514793105,1514793105,10000.0505,1.0E-6,1,bid
1514793120,1514793120,10000.0022,0.001,1,ask
1514793135,1514793135,10000.0001,0.0001,1,bid
1514793150,1514793150,10000.2022,1.0E-5,1,ask
1514793165,1514793165,10000.0505,1.0E-6,1,bid
1514793180,1514793180,10000.0022,0.001,1,ask
1514793195,1514793195,10000.0001,0.0001,1,bid
1514793210,1514793210,10000.2022,1.0E-5,1,ask
1514793225,1514793225,10000.0505,1.0E-6,1,bid
1514793240,1514793240,10000.0022,0.001,1,ask
1514793255,1514793255,10000.0001,0.0001,1,bid
1514793270,1514793270,10000.2022,1.0E-5,1,ask
1514793285,1514793285,10000.0505,1.0E-6,1,bid
1514793300,1514793300,10000.0022,0.001,1,ask
1514793315,1514793315,10000.0001,0.0001,1,bid
1514793330,1514793330,10000.2022,1.0E-5,1,ask
1514793345,1514793345,10000.0505,1.0E-6,1,bid
1514793360,1514793360,10000.0022,0.001,1,ask
1514793375,1514793375,10000.0001,0.0001,1,bid
1514793390,1514793390,10000.2022,1.0E-5,1,ask
1514793405,1514793405,10000.0505,1.0E-6,1,bid
1514793420,1514793420,10000.0022,0.001,1,ask
1514793435,1514793435,10000.0001,0.0001,1,bid
1514793450,1514793450,10000.2022,1.0E-5,1,ask
1514793465,1514793465,10000.0505,1.0E-6,1,bid
1514793480,1514793480,10000.0022,0.001,1,ask
1514793495,1514793495,10000.0001,0.0001,1,bid
1514793510,1514793510,10000.2022,1.0E-5,1,ask
1514793525,1514793525,10000.0505,1.0E-6,1,bid
1514793540,1514793540,10000.0022,0.001,1,ask
1514793555,1514793555,10000.0001,0.0001,1,bid
1514793570,1514793570,10000.2022,1.0E-5,1,ask
1514793585,1514793585,10000.0505,1.0E-6,1,bid
1514793600,1514793600,10000.0022,0.001,1,ask
1514793615,1514793615,10000.0001,0.0001,1,bid
1514793630,1514793630,10000.2022,1.0E-5,1,ask
1514793645,1514793645,10000.0505,1.0E-6,1,bid
1514793660,1514793660,10000.0022,0.001,1,ask
1514793675,1514793675,10000.0001,0.0001,1,bid
1514793690,1514793690,10000.2022,1.0E-5,1,ask
1514793705,1514793705,10000.0505,1.0E-6,1,bid
1514793720,1514793720,10000.0022,0.001,1,ask
1514793735,1514793735,10000.0001,0.0001,1,bid
1514793750,1514793750,10000.2022,1.0E-5,1,ask
1514793765,1514793765,10000.0505,1.0E-6,1,bid
1514793780,1514793780,10000.0022,0.001,1,ask
1514793795,1514793795,10000.0001,0.0001,1,bid
1514793810,1514793810,10000.2022,1.0E-5,1,ask
1514793825,1514793825,10000.0505,1.0E-6,1,bid
1514793840,1514793840,10000.0022,0.001,1,ask
1514793855,1514793855,10000.0001,0.0001,1,bid
1514793870,1514793870,10000.2022,1.0E-5,1,ask
1514793885,1514793885,10000.0505,1.0E-6,1,bid
1514793900,1514793900,10000.0022,0.001,1,ask
1514793915,1514793915,10000.0001,0.0001,1,bid
1514793930,1514793930,10000.2022,1.0E-5,1,ask
1514793945,1514793945,10000.0505,1.0E-6,1,bid
1514793960,1514793960,10000.0022,0.001,1,ask
1514793975,1514793975,10000.0001,0.0001,1,bid
1514793990,1514793990,10000.2022,1.0E-5,1,ask
1514794005,1514794005,10000.0505,1.0E-6,1,bid
1514794020,1514794020,10000.0022,0.001,1,ask
1514794035,1514794035,10000.0001,0.0001,1,bid
1514794050,1514794050,10000.2022,1.0E-5,1,ask
1514794065,1514794065,10000.0505,1.0E-6,1,bid
1514794080,1514794080,10000.0022,0.001,1,ask
1514794095,1514794095,10000.0001,0.0001,1,bid
1514794110,1514794110,10000.2022,1.0E-5,1,ask
1514794125,1514794125,10000.0505,1.0E-6,1,bid
1514794140,1514794140,10000.0022,0.001,1,ask
1514794155,1514794155,10000.0001,0.0001,1,bid
1514794170,1514794170,10000.2022,1.0E-5,1,ask
1514794185,1514794185,10000.0505,1.0E-6,1,bid
1514794200,1514794200,10000.0022,0.001,1,ask
1514794215,1514794215,10000.0001,0.0001,1,bid
1514794230,1514794230,10000.2022,1.0E-5,1,ask
1514794245,1514794245,10000.0505,1.0E-6,1,bid
1514794260,1514794260,10000.0022,0.001,1,ask
1514794275,1514794275,10000.0001,0.0001,1,bid
1514794290,1514794290,10000.2022,1.0E-5,1,ask
1514794305,1514794305,10000.0505,1.0E-6,1,bid
1514794320,1514794320,10000.0022,0.001,1,ask
1514794335,1514794335,10000.0001,0.0001,1,bid
1514794350,1514794350,10000.2022,1.0E-5,1,ask
1514794365,1514794365,10000.0505,1.0E-6,1,bid
1514794380,1514794380,10000.0022,0.001,1,ask
1514794395,1514794395,10000.0001,0.0001,1,bid
1514794410,1514794410,10000.2022,1.0E-5,1,ask
1514794425,1514794425,10000.0505,1.0E-6,1,bid
1514794440,1514794440,10000.0022,0.001,1,ask
1514794455,1514794455,10000.0001,0.0001,1,bid
1514794470,1514794470,10000.2022,1.0E-5,1,ask
1514794485,1514794485,10000.0505,1.0E-6,1,bid
1514794500,1514794500,10000.0022,0.001,1,ask
1514794515,1514794515,10000.0001,0.0001,1,bid
1514794530,1514794530,10000.2022,1.0E-5,1,ask
1514794545,1514794545,10000.0505,1.0E-6,1,bid
1514794560,1514794560,10000.0022,0.001,1,ask
1514794575,1514794575,10000.0001,0.0001,1,bid
1514794590,1514794590,10000.2022,1.0E-5,1,ask
1514794605,1514794605,10000.0505,1.0E-6,1,bid
1514794620,1514794620,10000.0022,0.001,1,ask
1514794635,1514794635,10000.0001,0.0001,1,bid
1514794650,1514794650,10000.2022,1.0E-5,1,ask
1514794665,1514794665,10000.0505,1.0E-6,1,bid
1514794680,1514794680,10000.0022,0.001,1,ask
1514794695,1514794695,10000.0001,0.0001,1,bid
1514794710,1514794710,10000.2022,1.0E-5,1,ask
1514794725,1514794725,10000.0505,1.0E-6,1,bid
1514794740,1514794740,10000.0022,0.001,1,ask
1514794755,1514794755,10000.0001,0.0001,1,bid
1514794770,1514794770,10000.2022,1.0E-5,1,ask
1514794785,1514794785,10000.0505,1.0E-6,1,bid
1514794800,1514794800,10000.0022,0.001,1,ask
1514794815,1514794815,10000.0001,0.0001,1,bid
1514794830,1514794830,10000.2022,1.0E-5,1,ask
1514794845,1514794845,10000.0505,1.0E-6,1,bid
1514794860,1514794860,10000.0022,0.001,1,ask
1514794875,1514794875,10000.0001,0.0001,1,bid
1514794890,1514794890,10000.2022,1.0E-5,1,ask
1514794905,1514794905,10000.0505,1.0E-6,1,bid
1514794920,1514794920,10000.0022,0.001,1,ask
1514794935,1514794935,10000.0001,0.0001,1,bid
1514794950,1514794950,10000.2022,1.0E-5,1,ask
1514794965,1514794965,10000.0505,1.0E-6,1,bid
1514794980,1514794980,10000.0022,0.001,1,ask
1514794995,1514794995,10000.0001,0.0001,1,bid
1514795010,1514795010,10000.2022,1.0E-5,1,ask
1514795025,1514795025,10000.0505,1.0E-6,1,bid
1514795040,1514795040,10000.0022,0.001,1,ask
1514795055,1514795055,10000.0001,0.0001,1,bid
1514795070,1514795070,10000.2022,1.0E-5,1,ask
1514795085,1514795085,10000.0505,1.0E-6,1,bid
1514795100,1514795100,10000.0022,0.001,1,ask
1514795115,1514795115,10000.0001,0.0001,1,bid
1514795130,1514795130,10000.2022,1.0E-5,1,ask
1514795145,1514795145,10000.0505,1.0E-6,1,bid
1514795160,1514795160,10000.0022,0.001,1,ask
1514795175,1514795175,10000.0001,0.0001,1,bid
1514795190,1514795190,10000.2022,1.0E-5,1,ask
1514795205,1514795205,10000.0505,1.0E-6,1,bid
1514795220,1514795220,10000.0022,0.001,1,ask
1514795235,1514795235,10000.0001,0.0001,1,bid
1514795250,1514795250,10000.2022,1.0E-5,1,ask
1514795265,1514795265,10000.0505,1.0E-6,1,bid
1514795280,1514795280,10000.0022,0.001,1,ask
1514795295,1514795295,10000.0001,0.0001,1,bid
1514795310,1514795310,10000.2022,1.0E-5,1,ask
1514795325,1514795325,10000.0505,1.0E-6,1,bid
1514795340,1514795340,10000.0022,0.001,1,ask
1514795355,1514795355,10000.0001,0.0001,1,bid
1514795370,1514795370,10000.2022,1.0E-5,1,ask
1514795385,1514795385,10000.0505,1.0E-6,1,bid
1514795400,1514795400,10000.0022,0.001,1,ask
1514795415,1514795415,10000.0001,0.0001,1,bid
1514795430,1514795430,10000.2022,1.0E-5,1,ask
1514795445,1514795445,10000.0505,1.0E-6,1,bid
1514795460,1514795460,10000.0022,0.001,1,ask
1514795475,1514795475,10000.0001,0.0001,1,bid
1514795490,1514795490,10000.2022,1.0E-5,1,ask
1514795505,1514795505,10000.0505,1.0E-6,1,bid
1514795520,1514795520,10000.0022,0.001,1,ask
1514795535,1514795535,10000.0001,0.0001,1,bid
1514795550,1514795550,10000.2022,1.0E-5,1,ask
1514795565,1514795565,10000.0505,1.0E-6,1,bid
1514795580,1514795580,10000.0022,0.001,1,ask
1514795595,1514795595,10000.0001,0.0001,1,bid
1514795610,1514795610,10000.2022,1.0E-5,1,ask
1514795625,1514795625,10000.0505,1.0E-6,1,bid
1514795640,1514795640,10000.0022,0.001,1,ask
1514795655,1514795655,10000.0001,0.0001,1,bid
1514795670,1514795670,10000.2022,1.0E-5,1,ask
1514795685,1514795685,10000.0505,1.0E-6,1,bid
1514795700,1514795700,10000.0022,0.001,1,ask
1514795715,1514795715,10000.0001,0.0001,1,bid
1514795730,1514795730,10000.2022,1.0E-5,1,ask
1514795745,1514795745,10000.0505,1.0E-6,1,bid
1514795760,1514795760,10000.0022,0.001,1,ask
1514795775,1514795775,10000.0001,0.0001,1,bid
1514795790,1514795790,10000.2022,1.0E-5,1,ask
1514795805,1514795805,10000.0505,1.0E-6,1,bid
1514795820,1514795820,10000.0022,0.001,1,ask
1514795835,1514795835,10000.0001,0.0001,1,bid
1514795850,1514795850,10000.2022,1.0E-5,1,ask
1514795865,1514795865,10000.0505,1.0E-6,1,bid
1514795880,1514795880,10000.0022,0.001,1,ask
1514795895,1514795895,10000.0001,0.0001,1,bid
1514795910,1514795910,10000.2022,1.0E-5,1,ask
1514795925,1514795925,10000.0505,1.0E-6,1,bid
1514795940,1514795940,10000.0022,0.001,1,ask
1514795955,1514795955,10000.0001,0.0001,1,bid
1514795970,1514795970,10000.2022,1.0E-5,1,ask
1514795985,1514795985,10000.0505,1.0E-6,1,bid
1514796000,1514796000,10000.0022,0.001,1,ask
1514796015,1514796015,10000.0001,0.0001,1,bid
1514796030,1514796030,10000.2022,1.0E-5,1,ask
1514796045,1514796045,10000.0505,1.0E-6,1,bid
1514796060,1514796060,10000.0022,0.001,1,ask
1514796075,1514796075,10000.0001,0.0001,1,bid
1514796090,1514796090,10000.2022,1.0E-5,1,ask
1514796105,1514796105,10000.0505,1.0E-6,1,bid
1514796120,1514796120,10000.0022,0.001,1,ask
1514796135,1514796135,10000.0001,0.0001,1,bid
1514796150,1514796150,10000.2022,1.0E-5,1,ask
1514796165,1514796165,10000.0505,1.0E-6,1,bid
1514796180,1514796180,10000.0022,0.001,1,ask
1514796195,1514796195,10000.0001,0.0001,1,bid
1514796210,1514796210,10000.2022,1.0E-5,1,ask
1514796225,1514796225,10000.0505,1.0E-6,1,bid
1514796240,1514796240,10000.0022,0.001,1,ask
1514796255,1514796255,10000.0001,0.0001,1,bid
1514796270,1514796270,10000.2022,1.0E-5,1,ask
1514796285,1514796285,10000.0505,1.0E-6,1,bid
1514796300,1514796300,10000.0022,0.001,1,ask
1514796315,1514796315,10000.0001,0.0001,1,bid
1514796330,1514796330,10000.2022,1.0E-5,1,ask
1514796345,1514796345,10000.0505,1.0E-6,1,bid
1514796360,1514796360,10000.0022,0.001,1,ask
1514796375,1514796375,10000.0001,0.0001,1,bid
1514796390,1514796390,10000.2022,1.0E-5,1,ask
1514796405,1514796405,10000.0505,1.0E-6,1,bid
1514796420,1514796420,10000.0022,0.001,1,ask
1514796435,1514796435,10000.0001,0.0001,1,bid
1514796450,1514796450,10000.2022,1.0E-5,1,ask
1514796465,1514796465,10000.0505,1.0E-6,1,bid
1514796480,1514796480,10000.0022,0.001,1,ask
1514796495,1514796495,10000.0001,0.0001,1,bid
1514796510,1514796510,10000.2022,1.0E-5,1,ask
1514796525,1514796525,10000.0505,1.0E-6,1,bid
1514796540,1514796540,10000.0022,0.001,1,ask
1514796555,1514796555,10000.0001,0.0001,1,bid
1514796570,1514796570,10000.2022,1.0E-5,1,ask
1514796585,1514796585,10000.0505,1.0E-6,1,bid
1514796600,1514796600,10000.0022,0.001,1,ask
1514796615,1514796615,10000.0001,0.0001,1,bid
1514796630,1514796630,10000.2022,1.0E-5,1,ask
1514796645,1514796645,10000.0505,1.0E-6,1,bid
1514796660,1514796660,10000.0022,0.001,1,ask
1514796675,1514796675,10000.0001,0.0001,1,bid
1514796690,1514796690,10000.2022,1.0E-5,1,ask
1514796705,1514796705,10000.0505,1.0E-6,1,bid
1514796720,1514796720,10000.0022,0.001,1,ask
1514796735,1514796735,10000.0001,0.0001,1,bid
1514796750,1514796750,10000.2022,1.0E-5,1,ask
1514796765,1514796765,10000.0505,1.0E-6,1,bid
1514796780,1514796780,10000.0022,0.001,1,ask
1514796795,1514796795,10000.0001,0.0001,1,bid
1514796810,1514796810,10000.2022,1.0E-5,1,ask
1514796825,1514796825,10000.0505,1.0E-6,1,bid
1514796840,1514796840,10000.0022,0.001,1,ask
1514796855,1514796855,10000.0001,0.0001,1,bid
1514796870,1514796870,10000.2022,1.0E-5,1,ask
1514796885,1514796885,10000.0505,1.0E-6,1,bid
1514796900,1514796900,10000.0022,0.001,1,ask
1514796915,1514796915,10000.0001,0.0001,1,bid
1514796930,1514796930,10000.2022,1.0E-5,1,ask
1514796945,1514796945,10000.0505,1.0E-6,1,bid
1514796960,1514796960,10000.0022,0.001,1,ask
1514796975,1514796975,10000.0001,0.0001,1,bid
1514796990,1514796990,10000.2022,1.0E-5,1,ask
1514797005,1514797005,10000.0505,1.0E-6,1,bid
1514797020,1514797020,10000.0022,0.001,1,ask
1514797035,1514797035,10000.0001,0.0001,1,bid
1514797050,1514797050,10000.2022,1.0E-5,1,ask
1514797065,1514797065,10000.0505,1.0E-6,1,bid
1514797080,1514797080,10000.0022,0.001,1,ask
1514797095,1514797095,10000.0001,0.0001,1,bid
1514797110,1514797110,10000.2022,1.0E-5,1,ask
1514797125,1514797125,10000.0505,1.0E-6,1,bid
1514797140,1514797140,10000.0022,0.001,1,ask
1514797155,1514797155,10000.0001,0.0001,1,bid
1514797170,1514797170,10000.2022,1.0E-5,1,ask
1514797185,1514797185,10000.0505,1.0E-6,1,bid
1514797200,1514797200,10000.0022,0.001,1,ask
1514797215,1514797215,10000.0001,0.0001,1,bid
1514797230,1514797230,10000.2022,1.0E-5,1,ask
1514797245,1514797245,10000.0505,1.0E-6,1,bid
1514797260,1514797260,10000.0022,0.001,1,ask
1514797275,1514797275,10000.0001,0.0001,1,bid
1514797290,1514797290,10000.2022,1.0E-5,1,ask
1514797305,1514797305,10000.0505,1.0E-6,1,bid
1514797320,1514797320,10000.0022,0.001,1,ask
1514797335,1514797335,10000.0001,0.0001,1,bid
1514797350,1514797350,10000.2022,1.0E-5,1,ask
1514797365,1514797365,10000.0505,1.0E-6,1,bid
1514797380,1514797380,10000.0022,0.001,1,ask
1514797395,1514797395,10000.0001,0.0001,1,bid
1514797410,1514797410,10000.2022,1.0E-5,1,ask
1514797425,1514797425,10000.0505,1.0E-6,1,bid
1514797440,1514797440,10000.0022,0.001,1,ask
1514797455,1514797455,10000.0001,0.0001,1,bid
1514797470,1514797470,10000.2022,1.0E-5,1,ask
1514797485,1514797485,10000.0505,1.0E-6,1,bid
1514797500,1514797500,10000.0022,0.001,1,ask
1514797515,1514797515,10000.0001,0.0001,1,bid
1514797530,1514797530,10000.2022,1.0E-5,1,ask
1514797545,1514797545,10000.0505,1.0E-6,1,bid
1514797560,1514797560,10000.0022,0.001,1,ask
